<?xml version="1.0" encoding="UTF-8"?>
<!DOCTYPE html PUBLIC "-//W3C//DTD XHTML 1.0 Transitional//EN"
    "http://www.w3.org/TR/xhtml1/DTD/xhtml1-transitional.dtd">
<html xmlns="http://www.w3.org/1999/xhtml" xml:lang="en" lang="en">
 <head>
  <title>
</title>
<meta http-equiv="Content-Type" content="text/html;charset=utf-8" />
  <meta name='ocr-system' content='tesseract 3.04.00' />
  <meta name='ocr-capabilities' content='ocr_page ocr_carea ocr_par ocr_line ocrx_word'/>
</head>
<body>
  <div class='ocr_page' id='page_1' title='image "./lexiconquintilia06bonnuoft_0401.png"; bbox 0 0 1728 3002; ppageno 0'>
   <div class='ocr_carea' id='block_1_1' title="bbox 508 213 1575 269">
    <p class='ocr_par' dir='ltr' id='par_1_1' title="bbox 508 213 1575 269">
     <span class='ocr_line' id='line_1_1' title="bbox 508 213 1575 269; baseline -0.007 -9"><span class='ocrx_word' id='word_1_1' title='bbox 508 213 802 259; x_wconf 57' lang='lat' dir='ltr'>Esther-‘edatio</span> <span class='ocrx_word' id='word_1_2' title='bbox 848 236 903 245; x_wconf 87' lang='lat'>-—</span> <span class='ocrx_word' id='word_1_3' title='bbox 946 213 1094 269; x_wconf 76' lang='lat' dir='ltr'>Exigo</span> <span class='ocrx_word' id='word_1_4' title='bbox 1494 214 1575 254; x_wconf 71' lang='grc' dir='ltr'>3θὲ</span> 
     </span>
    </p>
   </div>
   <div class='ocr_carea' id='block_1_2' title="bbox 8 323 1568 1397">
    <p class='ocr_par' dir='ltr' id='par_1_2' title="bbox 80 323 1568 512">
     <span class='ocr_line' id='line_1_2' title="bbox 80 323 1568 372; baseline -0.011 -1"><span class='ocrx_word' id='word_1_5' title='bbox 80 332 247 371; x_wconf 69' lang='grc' dir='ltr'>ὶΙῙόῗτὶιιί</span> <span class='ocrx_word' id='word_1_6' title='bbox 279 329 486 368; x_wconf 70' lang='lat' dir='ltr'><strong>exhauserit</strong></span> <span class='ocrx_word' id='word_1_7' title='bbox 513 329 552 372; x_wconf 82' lang='lat'>8,</span> <span class='ocrx_word' id='word_1_8' title='bbox 572 326 609 372; x_wconf 90' lang='grc'>4,</span> <span class='ocrx_word' id='word_1_9' title='bbox 633 329 688 364; x_wconf 99' lang='grc'>16.</span> <span class='ocrx_word' id='word_1_10' title='bbox 742 326 798 371; x_wconf 89' lang='lat'>11)</span> <span class='ocrx_word' id='word_1_11' title='bbox 825 331 961 362; x_wconf 61' lang='lat' dir='ltr'>transh:</span> <span class='ocrx_word' id='word_1_12' title='bbox 995 332 1050 362; x_wconf 87' lang='lat' dir='ltr'>tot</span> <span class='ocrx_word' id='word_1_13' title='bbox 1074 335 1188 361; x_wconf 81' lang='lat' dir='ltr'>annos</span> <span class='ocrx_word' id='word_1_14' title='bbox 1221 325 1273 358; x_wconf 75' lang='lat' dir='ltr'>in</span> <span class='ocrx_word' id='word_1_15' title='bbox 1307 323 1465 364; x_wconf 86' lang='lat' dir='ltr'>utendo,</span> <span class='ocrx_word' id='word_1_16' title='bbox 1495 331 1568 355; x_wconf 88' lang='lat' dir='ltr'>non</span> 
     </span>
     <span class='ocr_line' id='line_1_3' title="bbox 80 370 1565 434; baseline -0.009 -18"><span class='ocrx_word' id='word_1_17' title='bbox 80 378 396 434; x_wconf 62' lang='lat' dir='ltr'>iquercipiendo</span> <span class='ocrx_word' id='word_1_18' title='bbox 425 376 667 411; x_wconf 85' lang='lat' dir='ltr'>exhauserunt</span> <span class='ocrx_word' id='word_1_19' title='bbox 700 376 765 416; x_wconf 84' lang='lat'>12,</span> <span class='ocrx_word' id='word_1_20' title='bbox 799 377 868 417; x_wconf 92' lang='lat'>11,</span> <span class='ocrx_word' id='word_1_21' title='bbox 891 375 950 407; x_wconf 81' lang='grc'>20.</span> <span class='ocrx_word' id='word_1_22' title='bbox 969 374 1165 410; x_wconf 78' lang='lat' dir='ltr'>,exhausto</span> <span class='ocrx_word' id='word_1_23' title='bbox 1195 372 1319 405; x_wconf 84' lang='lat' dir='ltr'>labore</span> <span class='ocrx_word' id='word_1_24' title='bbox 1349 370 1393 412; x_wconf 93' lang='lat'>5,</span> <span class='ocrx_word' id='word_1_25' title='bbox 1417 370 1480 410; x_wconf 87' lang='lat'>10,</span> <span class='ocrx_word' id='word_1_26' title='bbox 1509 371 1565 402; x_wconf 76' lang='lat'>22.</span> 
     </span>
     <span class='ocr_line' id='line_1_4' title="bbox 81 414 1565 472; baseline -0.009 -12"><span class='ocrx_word' id='word_1_27' title='bbox 81 427 272 472; x_wconf 69' lang='lat' dir='ltr'>ptumum</span> <span class='ocrx_word' id='word_1_28' title='bbox 293 423 343 458; x_wconf 88' lang='lat' dir='ltr'>in</span> <span class='ocrx_word' id='word_1_29' title='bbox 363 424 436 457; x_wconf 90' lang='lat' dir='ltr'>hoc</span> <span class='ocrx_word' id='word_1_30' title='bbox 459 420 687 456; x_wconf 76' lang='lat' dir='ltr'><strong>exhausimus</strong></span> <span class='ocrx_word' id='word_1_31' title='bbox 707 419 841 453; x_wconf 85' lang='lat' dir='ltr'>laboris</span> <span class='ocrx_word' id='word_1_32' title='bbox 861 421 898 463; x_wconf 85' lang='grc'>8,</span> <span class='ocrx_word' id='word_1_33' title='bbox 923 420 981 453; x_wconf 88' lang='lat' dir='ltr'>Pr.</span> <span class='ocrx_word' id='word_1_34' title='bbox 1003 420 1038 456; x_wconf 91' lang='grc'>6.</span> <span class='ocrx_word' id='word_1_35' title='bbox 1062 429 1189 465; x_wconf 82' lang='lat' dir='ltr'>magna</span> <span class='ocrx_word' id='word_1_36' title='bbox 1211 428 1293 461; x_wconf 88' lang='lat' dir='ltr'>pars</span> <span class='ocrx_word' id='word_1_37' title='bbox 1317 421 1371 449; x_wconf 79' lang='lat' dir='ltr'>est</span> <span class='ocrx_word' id='word_1_38' title='bbox 1394 414 1565 448; x_wconf 78' lang='lat' dir='ltr'>exhausta</span> 
     </span>
     <span class='ocr_line' id='line_1_5' title="bbox 81 463 1563 512; baseline -0.01 -5"><span class='ocrx_word' id='word_1_39' title='bbox 81 470 260 510; x_wconf 73' lang='lat' dir='ltr'>orationis</span> <span class='ocrx_word' id='word_1_40' title='bbox 284 472 342 512; x_wconf 86' lang='lat'>11,</span> <span class='ocrx_word' id='word_1_41' title='bbox 371 471 407 512; x_wconf 87' lang='lat'>3,</span> <span class='ocrx_word' id='word_1_42' title='bbox 431 466 509 502; x_wconf 81' lang='lat'>147.</span> <span class='ocrx_word' id='word_1_43' title='bbox 533 466 783 511; x_wconf 82' lang='lat' dir='ltr'>patrimonium</span> <span class='ocrx_word' id='word_1_44' title='bbox 811 466 977 499; x_wconf 76' lang='lat' dir='ltr'><strong>exhausit</strong></span> <span class='ocrx_word' id='word_1_45' title='bbox 999 466 1035 507; x_wconf 88' lang='lat'>5,</span> <span class='ocrx_word' id='word_1_46' title='bbox 1060 467 1115 505; x_wconf 90' lang='lat'>10,</span> <span class='ocrx_word' id='word_1_47' title='bbox 1142 463 1200 498; x_wconf 88' lang='grc'>48.</span> <span class='ocrx_word' id='word_1_48' title='bbox 1226 463 1344 504; x_wconf 81' lang='lat' dir='ltr'>vires,</span> <span class='ocrx_word' id='word_1_49' title='bbox 1384 471 1476 505; x_wconf 85' lang='lat' dir='ltr'>quae</span> <span class='ocrx_word' id='word_1_50' title='bbox 1498 471 1563 493; x_wconf 80' lang='lat' dir='ltr'>usn</span> 
     </span>
    </p>

    <p class='ocr_par' dir='ltr' id='par_1_3' title="bbox 40 506 1566 604">
     <span class='ocr_line' id='line_1_6' title="bbox 40 506 1566 556; baseline -0.009 -4"><span class='ocrx_word' id='word_1_51' title='bbox 40 516 51 521; x_wconf 66' lang='grc'><em>”</em></span> <span class='ocrx_word' id='word_1_52' title='bbox 78 527 156 552; x_wconf 75' lang='lat' dir='ltr'>non</span> <span class='ocrx_word' id='word_1_53' title='bbox 179 514 436 551; x_wconf 68' lang='lat' dir='ltr'>exhauriantur</span> <span class='ocrx_word' id='word_1_54' title='bbox 460 515 514 555; x_wconf 92' lang='grc'>10,</span> <span class='ocrx_word' id='word_1_55' title='bbox 536 514 572 556; x_wconf 87' lang='grc'>3,</span> <span class='ocrx_word' id='word_1_56' title='bbox 594 514 637 555; x_wconf 85' lang='grc'>3;</span> <span class='ocrx_word' id='word_1_57' title='bbox 660 523 729 547; x_wconf 88' lang='lat' dir='ltr'>rex</span> <span class='ocrx_word' id='word_1_58' title='bbox 755 512 906 546; x_wconf 80' lang='lat' dir='ltr'>decenni</span> <span class='ocrx_word' id='word_1_59' title='bbox 930 512 1025 546; x_wconf 84' lang='lat' dir='ltr'>bello</span> <span class='ocrx_word' id='word_1_60' title='bbox 1051 511 1246 545; x_wconf 80' lang='lat' dir='ltr'>exhaustus</span> <span class='ocrx_word' id='word_1_61' title='bbox 1267 509 1315 551; x_wconf 89' lang='grc'><strong>8,</strong></span> <span class='ocrx_word' id='word_1_62' title='bbox 1336 506 1379 550; x_wconf 92' lang='grc'>4,</span> <span class='ocrx_word' id='word_1_63' title='bbox 1401 509 1459 540; x_wconf 85' lang='grc'>22.</span> <span class='ocrx_word' id='word_1_64' title='bbox 1497 516 1566 540; x_wconf 76' lang='lat' dir='ltr'>ex-</span> 
     </span>
     <span class='ocr_line' id='line_1_7' title="bbox 79 559 551 604; baseline -0.011 -7"><span class='ocrx_word' id='word_1_65' title='bbox 79 564 229 597; x_wconf 68' lang='lat' dir='ltr'>haustu·</span> <span class='ocrx_word' id='word_1_66' title='bbox 250 561 355 595; x_wconf 78' lang='lat' dir='ltr'>labor</span> <span class='ocrx_word' id='word_1_67' title='bbox 373 559 410 604; x_wconf 82' lang='lat'>4,</span> <span class='ocrx_word' id='word_1_68' title='bbox 433 559 467 602; x_wconf 87' lang='grc'><strong>5,</strong></span> <span class='ocrx_word' id='word_1_69' title='bbox 490 560 551 593; x_wconf 84' lang='lat'>23.</span> 
     </span>
    </p>

    <p class='ocr_par' dir='ltr' id='par_1_4' title="bbox 34 607 1090 654">
     <span class='ocr_line' id='line_1_8' title="bbox 34 607 1090 654; baseline -0.003 -6"><span class='ocrx_word' id='word_1_70' title='bbox 34 607 338 649; x_wconf 74' lang='lat' dir='ltr'>Exheredafio.</span> <span class='ocrx_word' id='word_1_71' title='bbox 391 613 704 652; x_wconf 71' lang='lat' dir='ltr'>exheredationem</span> <span class='ocrx_word' id='word_1_72' title='bbox 728 612 887 647; x_wconf 85' lang='lat' dir='ltr'>meruisti</span> <span class='ocrx_word' id='word_1_73' title='bbox 917 615 951 653; x_wconf 86' lang='lat'>7,</span> <span class='ocrx_word' id='word_1_74' title='bbox 978 615 1008 654; x_wconf 88' lang='grc'>1,</span> <span class='ocrx_word' id='word_1_75' title='bbox 1031 612 1090 648; x_wconf 85' lang='grc'>53.</span> 
     </span>
    </p>

    <p class='ocr_par' dir='ltr' id='par_1_5' title="bbox 34 662 1562 809">
     <span class='ocr_line' id='line_1_9' title="bbox 34 662 1562 714; baseline -0.008 -4"><span class='ocrx_word' id='word_1_76' title='bbox 34 662 276 710; x_wconf 74' lang='lat' dir='ltr'>Exheredo-</span> <span class='ocrx_word' id='word_1_77' title='bbox 315 672 575 708; x_wconf 69' lang='lat' dir='ltr'>,exheredatum</span> <span class='ocrx_word' id='word_1_78' title='bbox 600 683 620 705; x_wconf 89' lang='lat' dir='ltr'>a</span> <span class='ocrx_word' id='word_1_79' title='bbox 642 674 683 705; x_wconf 70' lang='lat' dir='ltr'>se</span> <span class='ocrx_word' id='word_1_80' title='bbox 703 670 814 704; x_wconf 82' lang='lat' dir='ltr'>filium</span> <span class='ocrx_word' id='word_1_81' title='bbox 838 673 874 712; x_wconf 88' lang='grc'>7,</span> <span class='ocrx_word' id='word_1_82' title='bbox 892 668 928 711; x_wconf 87' lang='grc'>4,</span> <span class='ocrx_word' id='word_1_83' title='bbox 948 671 1005 702; x_wconf 72' lang='grc'>20.</span> <span class='ocrx_word' id='word_1_84' title='bbox 1032 669 1142 703; x_wconf 84' lang='lat' dir='ltr'>filium</span> <span class='ocrx_word' id='word_1_85' title='bbox 1164 668 1210 701; x_wconf 88' lang='lat' dir='ltr'>ab</span> <span class='ocrx_word' id='word_1_86' title='bbox 1227 665 1380 714; x_wconf 82' lang='lat' dir='ltr'>Egnatio</span> <span class='ocrx_word' id='word_1_87' title='bbox 1402 665 1562 708; x_wconf 76' lang='lat' dir='ltr'><strong>corrupti</strong></span> 
     </span>
     <span class='ocr_line' id='line_1_10' title="bbox 78 710 1560 759; baseline -0.007 -4"><span class='ocrx_word' id='word_1_88' title='bbox 78 721 88 728; x_wconf 89' lang='grc'><em>“</em></span> <span class='ocrx_word' id='word_1_89' title='bbox 138 720 150 728; x_wconf 82' lang='lat'>&#39;</span> <span class='ocrx_word' id='word_1_90' title='bbox 173 719 198 728; x_wconf 83' lang='lat'>‘&#39;</span> <span class='ocrx_word' id='word_1_91' title='bbox 221 718 369 754; x_wconf 75' lang='lat' dir='ltr'>mimine</span> <span class='ocrx_word' id='word_1_92' title='bbox 391 718 649 759; x_wconf 74' lang='lat' dir='ltr'>exheredatum</span> <span class='ocrx_word' id='word_1_93' title='bbox 674 717 711 759; x_wconf 84' lang='lat'>5,</span> <span class='ocrx_word' id='word_1_94' title='bbox 735 718 792 759; x_wconf 83' lang='lat'>13,</span> <span class='ocrx_word' id='word_1_95' title='bbox 815 718 882 758; x_wconf 78' lang='lat'>323</span> <span class='ocrx_word' id='word_1_96' title='bbox 915 717 1060 748; x_wconf 66' lang='lat' dir='ltr'>Pania:</span> <span class='ocrx_word' id='word_1_97' title='bbox 1083 724 1151 759; x_wconf 85' lang='lat' dir='ltr'>pro</span> <span class='ocrx_word' id='word_1_98' title='bbox 1173 715 1392 749; x_wconf 85' lang='lat' dir='ltr'>exheredato</span> <span class='ocrx_word' id='word_1_99' title='bbox 1424 710 1560 757; x_wconf 70' lang='lat' dir='ltr'>(diceus)</span> 
     </span>
     <span class='ocr_line' id='line_1_11' title="bbox 75 763 600 809; baseline -0.013 -6"><span class='ocrx_word' id='word_1_100' title='bbox 75 767 103 803; x_wconf 79' lang='lat'><strong>9</strong></span> <span class='ocrx_word' id='word_1_101' title='bbox 134 769 172 809; x_wconf 81' lang='grc'>2,</span> <span class='ocrx_word' id='word_1_102' title='bbox 193 766 255 802; x_wconf 80' lang='grc'>98.</span> <span class='ocrx_word' id='word_1_103' title='bbox 273 777 308 800; x_wconf 77' lang='lat' dir='ltr'>v.</span> <span class='ocrx_word' id='word_1_104' title='bbox 328 763 600 799; x_wconf 78' lang='lat' dir='ltr'><strong>Abdicatus.</strong></span> 
     </span>
    </p>

    <p class='ocr_par' dir='ltr' id='par_1_6' title="bbox 28 792 1555 912">
     <span class='ocr_line' id='line_1_12' title="bbox 28 792 1555 868; baseline -0.005 -12"><span class='ocrx_word' id='word_1_105' title='bbox 28 792 240 868; x_wconf 51' lang='lat' dir='ltr'>meres·</span> <span class='ocrx_word' id='word_1_106' title='bbox 281 819 358 866; x_wconf 64' lang='lat' dir='ltr'>qni</span> <span class='ocrx_word' id='word_1_107' title='bbox 378 819 474 864; x_wconf 79' lang='lat' dir='ltr'>patri</span> <span class='ocrx_word' id='word_1_108' title='bbox 492 818 704 864; x_wconf 78' lang='lat' dir='ltr'><strong>proditionis</strong></span> <span class='ocrx_word' id='word_1_109' title='bbox 726 829 790 853; x_wconf 87' lang='lat' dir='ltr'>reo</span> <span class='ocrx_word' id='word_1_110' title='bbox 816 828 891 851; x_wconf 86' lang='lat' dir='ltr'>non</span> <span class='ocrx_word' id='word_1_111' title='bbox 907 816 1059 860; x_wconf 64' lang='lat' dir='ltr'>affixerit,</span> <span class='ocrx_word' id='word_1_112' title='bbox 1086 815 1240 850; x_wconf 80' lang='lat' dir='ltr'>exheres</span> <span class='ocrx_word' id='word_1_113' title='bbox 1263 815 1309 850; x_wconf 82' lang='lat' dir='ltr'>sit</span> <span class='ocrx_word' id='word_1_114' title='bbox 1336 816 1372 860; x_wconf 85' lang='lat'>5,</span> <span class='ocrx_word' id='word_1_115' title='bbox 1396 816 1454 857; x_wconf 87' lang='grc'>10,</span> <span class='ocrx_word' id='word_1_116' title='bbox 1478 815 1555 848; x_wconf 88' lang='grc'><strong>107.</strong></span> 
     </span>
     <span class='ocr_line' id='line_1_13' title="bbox 74 863 910 912; baseline -0.007 -8"><span class='ocrx_word' id='word_1_117' title='bbox 74 867 120 909; x_wconf 56' lang='grc' dir='ltr'><em>ᾧ</em></span> <span class='ocrx_word' id='word_1_118' title='bbox 146 871 183 911; x_wconf 89' lang='grc'>7,</span> <span class='ocrx_word' id='word_1_119' title='bbox 210 870 245 912; x_wconf 88' lang='grc'>1,</span> <span class='ocrx_word' id='word_1_120' title='bbox 267 865 315 901; x_wconf 79' lang='grc'>42</span> <span class='ocrx_word' id='word_1_121' title='bbox 341 879 429 912; x_wconf 73' lang='lat' dir='ltr'>seqq.</span> <span class='ocrx_word' id='word_1_122' title='bbox 457 866 611 900; x_wconf 77' lang='lat' dir='ltr'>exheres</span> <span class='ocrx_word' id='word_1_123' title='bbox 634 870 712 899; x_wconf 86' lang='lat' dir='ltr'>esto</span> <span class='ocrx_word' id='word_1_124' title='bbox 734 866 771 908; x_wconf 87' lang='grc'>9,</span> <span class='ocrx_word' id='word_1_125' title='bbox 793 867 829 907; x_wconf 89' lang='grc'>2,</span> <span class='ocrx_word' id='word_1_126' title='bbox 852 863 910 898; x_wconf 72' lang='grc'>34.</span> 
     </span>
    </p>

    <p class='ocr_par' dir='ltr' id='par_1_7' title="bbox 28 911 1558 968">
     <span class='ocr_line' id='line_1_14' title="bbox 28 911 1558 968; baseline -0.007 -9"><span class='ocrx_word' id='word_1_127' title='bbox 28 911 243 955; x_wconf 68' lang='lat' dir='ltr'>Exhibw·</span> <span class='ocrx_word' id='word_1_128' title='bbox 286 925 368 968; x_wconf 76' lang='lat' dir='ltr'>plus</span> <span class='ocrx_word' id='word_1_129' title='bbox 393 923 540 957; x_wconf 78' lang='lat' dir='ltr'>affectus</span> <span class='ocrx_word' id='word_1_130' title='bbox 562 920 715 964; x_wconf 80' lang='lat' dir='ltr'>junctae</span> <span class='ocrx_word' id='word_1_131' title='bbox 728 921 900 955; x_wconf 81' lang='lat' dir='ltr'>exhibent</span> <span class='ocrx_word' id='word_1_132' title='bbox 924 929 1049 952; x_wconf 85' lang='lat' dir='ltr'>manus</span> <span class='ocrx_word' id='word_1_133' title='bbox 1075 920 1117 951; x_wconf 84' lang='lat'>11</span> <span class='ocrx_word' id='word_1_134' title='bbox 1131 943 1143 961; x_wconf 93' lang='lat'>‚</span> <span class='ocrx_word' id='word_1_135' title='bbox 1172 919 1217 959; x_wconf 90' lang='lat'>3,</span> <span class='ocrx_word' id='word_1_136' title='bbox 1231 917 1322 968; x_wconf 71' lang='grc' dir='ltr'>ι116.</span> <span class='ocrx_word' id='word_1_137' title='bbox 1353 915 1415 961; x_wconf 83' lang='lat' dir='ltr'>qui</span> <span class='ocrx_word' id='word_1_138' title='bbox 1439 926 1558 950; x_wconf 87' lang='lat' dir='ltr'>rerum</span> 
     </span>
    </p>

    <p class='ocr_par' dir='ltr' id='par_1_8' title="bbox 38 958 1559 1013">
     <span class='ocr_line' id='line_1_15' title="bbox 38 958 1559 1013; baseline -0.007 -9"><span class='ocrx_word' id='word_1_139' title='bbox 38 968 46 978; x_wconf 55' lang='lat'>⁸</span> <span class='ocrx_word' id='word_1_140' title='bbox 73 968 329 1013; x_wconf 77' lang='lat' dir='ltr'>experimentis</span> <span class='ocrx_word' id='word_1_141' title='bbox 363 974 470 1013; x_wconf 80' lang='lat' dir='ltr'>atque</span> <span class='ocrx_word' id='word_1_142' title='bbox 501 967 671 1013; x_wconf 83' lang='lat' dir='ltr'>operibus</span> <span class='ocrx_word' id='word_1_143' title='bbox 699 978 790 1002; x_wconf 79' lang='lat' dir='ltr'>vere</span> <span class='ocrx_word' id='word_1_144' title='bbox 820 966 964 1001; x_wconf 78' lang='lat' dir='ltr'>civilem</span> <span class='ocrx_word' id='word_1_145' title='bbox 993 968 1114 1000; x_wconf 78' lang='lat' dir='ltr'>virum</span> <span class='ocrx_word' id='word_1_146' title='bbox 1154 963 1325 997; x_wconf 83' lang='lat' dir='ltr'>exlubeat</span> <span class='ocrx_word' id='word_1_147' title='bbox 1367 965 1443 1004; x_wconf 75' lang='lat' dir='ltr'>(sc.</span> <span class='ocrx_word' id='word_1_148' title='bbox 1473 958 1559 1003; x_wconf 72' lang='lat' dir='ltr'>se.)</span> 
     </span>
    </p>

    <p class='ocr_par' dir='ltr' id='par_1_9' title="bbox 29 1039 1557 1295">
     <span class='ocr_line' id='line_1_16' title="bbox 29 1039 1556 1114; baseline -0.007 -8"><span class='ocrx_word' id='word_1_149' title='bbox 29 1039 298 1101; x_wconf 53' lang='lat' dir='ltr'>EXhilltfl&#39;fio·</span> <span class='ocrx_word' id='word_1_150' title='bbox 355 1063 417 1114; x_wconf 78' lang='grc' dir='ltr'>(α.</span> <span class='ocrx_word' id='word_1_151' title='bbox 443 1074 467 1103; x_wconf 79' lang='lat'>1.</span> <span class='ocrx_word' id='word_1_152' title='bbox 494 1067 766 1111; x_wconf 85' lang='lat' dir='ltr'>exorationem)</span> <span class='ocrx_word' id='word_1_153' title='bbox 796 1070 833 1109; x_wconf 89' lang='grc'>9,</span> <span class='ocrx_word' id='word_1_154' title='bbox 856 1070 891 1110; x_wconf 86' lang='grc'>2,</span> <span class='ocrx_word' id='word_1_155' title='bbox 921 1069 1000 1100; x_wconf 86' lang='grc'><strong>103.</strong></span> <span class='ocrx_word' id='word_1_156' title='bbox 1025 1067 1115 1099; x_wconf 86' lang='lat' dir='ltr'>haec</span> <span class='ocrx_word' id='word_1_157' title='bbox 1137 1063 1342 1099; x_wconf 74' lang='lat' dir='ltr'>exhortatio</span> <span class='ocrx_word' id='word_1_158' title='bbox 1367 1074 1448 1096; x_wconf 65' lang='lat' dir='ltr'>mea</span> <span class='ocrx_word' id='word_1_159' title='bbox 1481 1073 1556 1095; x_wconf 85' lang='lat' dir='ltr'>non</span> 
     </span>
     <span class='ocr_line' id='line_1_17' title="bbox 74 1109 1556 1160; baseline -0.006 -10"><span class='ocrx_word' id='word_1_160' title='bbox 74 1125 122 1150; x_wconf 85' lang='lat' dir='ltr'>eo</span> <span class='ocrx_word' id='word_1_161' title='bbox 142 1115 298 1160; x_wconf 75' lang='lat' dir='ltr'>pertinet</span> <span class='ocrx_word' id='word_1_162' title='bbox 318 1118 377 1158; x_wconf 90' lang='grc'>12,</span> <span class='ocrx_word' id='word_1_163' title='bbox 398 1118 435 1158; x_wconf 90' lang='grc'>2,</span> <span class='ocrx_word' id='word_1_164' title='bbox 458 1116 493 1149; x_wconf 88' lang='grc'>6.</span> <span class='ocrx_word' id='word_1_165' title='bbox 529 1115 576 1148; x_wconf 85' lang='lat' dir='ltr'>ad</span> <span class='ocrx_word' id='word_1_166' title='bbox 598 1114 886 1148; x_wconf 80' lang='lat' dir='ltr'>exhortationem</span> <span class='ocrx_word' id='word_1_167' title='bbox 907 1112 1099 1157; x_wconf 77' lang='lat' dir='ltr'>praecipue</span> <span class='ocrx_word' id='word_1_168' title='bbox 1120 1112 1243 1145; x_wconf 82' lang='lat' dir='ltr'>valent</span> <span class='ocrx_word' id='word_1_169' title='bbox 1266 1109 1415 1154; x_wconf 87' lang='lat' dir='ltr'>imparia</span> <span class='ocrx_word' id='word_1_170' title='bbox 1439 1109 1485 1160; x_wconf 53' lang='lat'>5,</span> <span class='ocrx_word' id='word_1_171' title='bbox 1500 1112 1556 1150; x_wconf 83' lang='grc'>11,</span> 
     </span>
     <span class='ocr_line' id='line_1_18' title="bbox 72 1155 1557 1200; baseline -0.006 -5"><span class='ocrx_word' id='word_1_172' title='bbox 72 1164 134 1199; x_wconf 86' lang='grc'>10.</span> <span class='ocrx_word' id='word_1_173' title='bbox 165 1161 296 1194; x_wconf 78' lang='lat' dir='ltr'>sufficit</span> <span class='ocrx_word' id='word_1_174' title='bbox 330 1161 376 1195; x_wconf 76' lang='lat' dir='ltr'>ad</span> <span class='ocrx_word' id='word_1_175' title='bbox 411 1160 697 1195; x_wconf 75' lang='lat' dir='ltr'>exhortationem</span> <span class='ocrx_word' id='word_1_176' title='bbox 726 1160 924 1196; x_wconf 85' lang='lat' dir='ltr'>studiorum</span> <span class='ocrx_word' id='word_1_177' title='bbox 954 1161 1018 1200; x_wconf 83' lang='lat'>12,</span> <span class='ocrx_word' id='word_1_178' title='bbox 1053 1160 1115 1198; x_wconf 87' lang='lat'>11,</span> <span class='ocrx_word' id='word_1_179' title='bbox 1138 1157 1195 1190; x_wconf 90' lang='grc'>25.</span> <span class='ocrx_word' id='word_1_180' title='bbox 1235 1155 1275 1189; x_wconf 93' lang='lat' dir='ltr'>in</span> <span class='ocrx_word' id='word_1_181' title='bbox 1309 1155 1557 1189; x_wconf 75' lang='lat' dir='ltr'>exhortatione</span> 
     </span>
     <span class='ocr_line' id='line_1_19' title="bbox 73 1200 1552 1253; baseline -0.007 -12"><span class='ocrx_word' id='word_1_182' title='bbox 73 1225 122 1246; x_wconf 67' lang='grc'>-,</span> <span class='ocrx_word' id='word_1_183' title='bbox 139 1207 234 1240; x_wconf 79' lang='lat' dir='ltr'>laeta</span> <span class='ocrx_word' id='word_1_184' title='bbox 256 1211 294 1240; x_wconf 88' lang='lat' dir='ltr'>et</span> <span class='ocrx_word' id='word_1_185' title='bbox 311 1206 499 1253; x_wconf 80' lang='lat' dir='ltr'>magnifica</span> <span class='ocrx_word' id='word_1_186' title='bbox 532 1211 570 1240; x_wconf 88' lang='lat' dir='ltr'>et</span> <span class='ocrx_word' id='word_1_187' title='bbox 590 1205 751 1239; x_wconf 86' lang='lat' dir='ltr'>sublimis</span> <span class='ocrx_word' id='word_1_188' title='bbox 777 1211 833 1239; x_wconf 77' lang='lat' dir='ltr'>est</span> <span class='ocrx_word' id='word_1_189' title='bbox 857 1204 951 1238; x_wconf 79' lang='lat' dir='ltr'>actio</span> <span class='ocrx_word' id='word_1_190' title='bbox 984 1206 1041 1245; x_wconf 88' lang='lat'>11,</span> <span class='ocrx_word' id='word_1_191' title='bbox 1065 1205 1100 1246; x_wconf 93' lang='lat'>3,</span> <span class='ocrx_word' id='word_1_192' title='bbox 1125 1203 1214 1243; x_wconf 78' lang='lat'>¹533</span> <span class='ocrx_word' id='word_1_193' title='bbox 1245 1207 1286 1234; x_wconf 91' lang='lat' dir='ltr'>ut</span> <span class='ocrx_word' id='word_1_194' title='bbox 1308 1202 1353 1234; x_wconf 88' lang='lat' dir='ltr'>de</span> <span class='ocrx_word' id='word_1_195' title='bbox 1376 1200 1552 1241; x_wconf 77' lang='lat' dir='ltr'>laudibus,</span> 
     </span>
     <span class='ocr_line' id='line_1_20' title="bbox 59 1245 1554 1295; baseline -0.005 -8"><span class='ocrx_word' id='word_1_196' title='bbox 59 1249 403 1295; x_wconf 61' lang='lat' dir='ltr'>exhortationibus,</span> <span class='ocrx_word' id='word_1_197' title='bbox 433 1251 740 1286; x_wconf 78' lang='lat' dir='ltr'>consolationibus</span> <span class='ocrx_word' id='word_1_198' title='bbox 763 1252 835 1294; x_wconf 85' lang='lat' dir='ltr'>(ap.</span> <span class='ocrx_word' id='word_1_199' title='bbox 856 1249 1058 1289; x_wconf 80' lang='lat' dir='ltr'>Homerum)</span> <span class='ocrx_word' id='word_1_200' title='bbox 1089 1254 1226 1282; x_wconf 83' lang='lat' dir='ltr'>taceam</span> <span class='ocrx_word' id='word_1_201' title='bbox 1250 1249 1308 1290; x_wconf 82' lang='lat'>10,</span> <span class='ocrx_word' id='word_1_202' title='bbox 1331 1250 1366 1289; x_wconf 91' lang='lat'>1,</span> <span class='ocrx_word' id='word_1_203' title='bbox 1388 1245 1448 1280; x_wconf 92' lang='grc'>47.</span> <span class='ocrx_word' id='word_1_204' title='bbox 1486 1256 1554 1280; x_wconf 81' lang='lat' dir='ltr'>ex·</span> 
     </span>
    </p>

    <p class='ocr_par' dir='ltr' id='par_1_10' title="bbox 8 1295 795 1342">
     <span class='ocr_line' id='line_1_21' title="bbox 8 1295 795 1342; baseline 0 -11"><span class='ocrx_word' id='word_1_205' title='bbox 8 1308 29 1331; x_wconf 65' lang='lat'>,⁴</span> <span class='ocrx_word' id='word_1_206' title='bbox 62 1295 310 1342; x_wconf 61' lang='lat' dir='ltr'>‘hortationem</span> <span class='ocrx_word' id='word_1_207' title='bbox 336 1298 539 1332; x_wconf 79' lang='lat' dir='ltr'>docentium</span> <span class='ocrx_word' id='word_1_208' title='bbox 563 1300 596 1339; x_wconf 91' lang='lat'>1,</span> <span class='ocrx_word' id='word_1_209' title='bbox 618 1300 655 1339; x_wconf 83' lang='lat'>2,</span> <span class='ocrx_word' id='word_1_210' title='bbox 680 1298 726 1332; x_wconf 90' lang='grc'>25</span> <span class='ocrx_word' id='word_1_211' title='bbox 751 1300 795 1331; x_wconf 90' lang='grc' dir='ltr'>Ζ.</span> 
     </span>
    </p>

    <p class='ocr_par' dir='ltr' id='par_1_11' title="bbox 26 1333 799 1397">
     <span class='ocr_line' id='line_1_22' title="bbox 26 1333 799 1397; baseline 0.005 -14"><span class='ocrx_word' id='word_1_212' title='bbox 26 1333 349 1389; x_wconf 77' lang='lat' dir='ltr'>Exhortativus.</span> <span class='ocrx_word' id='word_1_213' title='bbox 378 1373 426 1380; x_wconf 88' lang='grc'><strong>-</strong></span> <span class='ocrx_word' id='word_1_214' title='bbox 457 1352 598 1396; x_wconf 54' lang='lat' dir='ltr'>(emus)</span> <span class='ocrx_word' id='word_1_215' title='bbox 620 1355 656 1396; x_wconf 83' lang='lat'>3,</span> <span class='ocrx_word' id='word_1_216' title='bbox 683 1354 720 1397; x_wconf 85' lang='lat'>6,</span> <span class='ocrx_word' id='word_1_217' title='bbox 741 1351 799 1387; x_wconf 81' lang='lat'>47.</span> 
     </span>
    </p>
   </div>
   <div class='ocr_carea' id='block_1_3' title="bbox 25 1396 1551 1499">
    <p class='ocr_par' dir='ltr' id='par_1_12' title="bbox 25 1396 1551 1499">
     <span class='ocr_line' id='line_1_23' title="bbox 25 1396 1551 1452; baseline -0.005 -7"><span class='ocrx_word' id='word_1_218' title='bbox 25 1396 256 1441; x_wconf 62' lang='lat' dir='ltr'>Exllfflor·</span> <span class='ocrx_word' id='word_1_219' title='bbox 330 1410 484 1444; x_wconf 83' lang='lat' dir='ltr'>liberum</span> <span class='ocrx_word' id='word_1_220' title='bbox 516 1411 638 1444; x_wconf 88' lang='lat' dir='ltr'>demus</span> <span class='ocrx_word' id='word_1_221' title='bbox 671 1409 716 1442; x_wconf 85' lang='lat' dir='ltr'>iis</span> <span class='ocrx_word' id='word_1_222' title='bbox 747 1429 794 1435; x_wconf 92' lang='lat'><strong>—</strong></span> <span class='ocrx_word' id='word_1_223' title='bbox 830 1413 967 1452; x_wconf 80' lang='lat' dir='ltr'>tempus</span> <span class='ocrx_word' id='word_1_224' title='bbox 999 1418 1042 1441; x_wconf 91' lang='lat' dir='ltr'>ac</span> <span class='ocrx_word' id='word_1_225' title='bbox 1073 1408 1215 1449; x_wconf 80' lang='lat' dir='ltr'>locum,</span> <span class='ocrx_word' id='word_1_226' title='bbox 1250 1406 1551 1450; x_wconf 76' lang='lat' dir='ltr'>exhortemurque</span> 
     </span>
     <span class='ocr_line' id='line_1_24' title="bbox 70 1452 1322 1499; baseline -0.002 -11"><span class='ocrx_word' id='word_1_227' title='bbox 70 1456 186 1499; x_wconf 73' lang='lat' dir='ltr'>ultro,</span> <span class='ocrx_word' id='word_1_228' title='bbox 207 1461 249 1490; x_wconf 85' lang='lat' dir='ltr'>ut</span> <span class='ocrx_word' id='word_1_229' title='bbox 275 1463 339 1490; x_wconf 72' lang='lat' dir='ltr'>ete.</span> <span class='ocrx_word' id='word_1_230' title='bbox 363 1458 422 1499; x_wconf 87' lang='lat'>12,</span> <span class='ocrx_word' id='word_1_231' title='bbox 443 1456 479 1499; x_wconf 88' lang='lat'>8,</span> <span class='ocrx_word' id='word_1_232' title='bbox 502 1459 539 1491; x_wconf 90' lang='grc'>7.</span> <span class='ocrx_word' id='word_1_233' title='bbox 566 1454 798 1489; x_wconf 74' lang='lat' dir='ltr'>exhortandis</span> <span class='ocrx_word' id='word_1_234' title='bbox 820 1455 865 1488; x_wconf 89' lang='lat' dir='ltr'>in</span> <span class='ocrx_word' id='word_1_235' title='bbox 887 1455 980 1487; x_wconf 89' lang='lat' dir='ltr'>hanc</span> <span class='ocrx_word' id='word_1_236' title='bbox 1003 1461 1102 1497; x_wconf 86' lang='lat' dir='ltr'>spem</span> <span class='ocrx_word' id='word_1_237' title='bbox 1127 1455 1183 1496; x_wconf 91' lang='lat'>10,</span> <span class='ocrx_word' id='word_1_238' title='bbox 1206 1454 1242 1494; x_wconf 95' lang='lat'>7,</span> <span class='ocrx_word' id='word_1_239' title='bbox 1266 1452 1322 1487; x_wconf 85' lang='lat'>19.</span> 
     </span>
    </p>
   </div>
   <div class='ocr_carea' id='block_1_4' title="bbox 4 1495 1548 2827">
    <p class='ocr_par' dir='ltr' id='par_1_13' title="bbox 4 1495 1548 2554">
     <span class='ocr_line' id='line_1_25' title="bbox 25 1495 1548 1557; baseline -0.003 -14"><span class='ocrx_word' id='word_1_240' title='bbox 25 1495 183 1557; x_wconf 56' lang='lat' dir='ltr'>Exigo:</span> <span class='ocrx_word' id='word_1_241' title='bbox 226 1510 264 1555; x_wconf 85' lang='lat'>1)</span> <span class='ocrx_word' id='word_1_242' title='bbox 288 1514 313 1547; x_wconf 80' lang='grc' dir='ltr'>ἰ.</span> <span class='ocrx_word' id='word_1_243' title='bbox 335 1525 368 1556; x_wconf 81' lang='lat' dir='ltr'>q.</span> <span class='ocrx_word' id='word_1_244' title='bbox 427 1525 474 1545; x_wconf 85' lang='lat' dir='ltr'>ro</span> <span class='ocrx_word' id='word_1_245' title='bbox 477 1511 506 1553; x_wconf 86' lang='lat' dir='ltr'><strong><em>s</em></strong></span> <span class='ocrx_word' id='word_1_246' title='bbox 509 1525 608 1546; x_wconf 82' lang='lat' dir='ltr'>ero:</span> <span class='ocrx_word' id='word_1_247' title='bbox 630 1523 748 1556; x_wconf 82' lang='lat' dir='ltr'>prope</span> <span class='ocrx_word' id='word_1_248' title='bbox 769 1512 835 1545; x_wconf 87' lang='lat' dir='ltr'>sub</span> <span class='ocrx_word' id='word_1_249' title='bbox 858 1517 989 1545; x_wconf 83' lang='lat' dir='ltr'>conatu</span> <span class='ocrx_word' id='word_1_250' title='bbox 1012 1506 1211 1543; x_wconf 75' lang='lat' dir='ltr'>adversarii</span> <span class='ocrx_word' id='word_1_251' title='bbox 1230 1509 1356 1540; x_wconf 83' lang='lat' dir='ltr'>manus</span> <span class='ocrx_word' id='word_1_252' title='bbox 1372 1507 1548 1554; x_wconf 75' lang='lat' dir='ltr'>exigenda</span> 
     </span>
     <span class='ocr_line' id='line_1_26' title="bbox 4 1525 1548 1604; baseline -0.004 -12"><span class='ocrx_word' id='word_1_253' title='bbox 4 1565 6 1573; x_wconf 92' lang='lat'>&#39;</span> <span class='ocrx_word' id='word_1_254' title='bbox 68 1557 121 1601; x_wconf 74' lang='lat' dir='ltr'>(a.</span> <span class='ocrx_word' id='word_1_255' title='bbox 143 1561 165 1591; x_wconf 87' lang='lat'>1.</span> <span class='ocrx_word' id='word_1_256' title='bbox 193 1557 300 1604; x_wconf 81' lang='lat' dir='ltr'>erig.)</span> <span class='ocrx_word' id='word_1_257' title='bbox 326 1558 363 1600; x_wconf 88' lang='lat'>6,</span> <span class='ocrx_word' id='word_1_258' title='bbox 386 1525 423 1600; x_wconf 53' lang='lat' dir='ltr'>X,</span> <span class='ocrx_word' id='word_1_259' title='bbox 444 1559 469 1592; x_wconf 89' lang='grc'>8</span> <span class='ocrx_word' id='word_1_260' title='bbox 489 1559 537 1592; x_wconf 87' lang='lat' dir='ltr'>N.</span> <span class='ocrx_word' id='word_1_261' title='bbox 564 1557 613 1600; x_wconf 88' lang='lat'>11)</span> <span class='ocrx_word' id='word_1_262' title='bbox 636 1561 659 1591; x_wconf 83' lang='lat' dir='ltr'>i.</span> <span class='ocrx_word' id='word_1_263' title='bbox 684 1571 717 1602; x_wconf 78' lang='lat' dir='ltr'>q.</span> <span class='ocrx_word' id='word_1_264' title='bbox 748 1556 946 1600; x_wconf 74' lang='lat' dir='ltr'>flagito.-</span> <span class='ocrx_word' id='word_1_265' title='bbox 1001 1557 1049 1596; x_wconf 79' lang='grc' dir='ltr'>α.)</span> <span class='ocrx_word' id='word_1_266' title='bbox 1077 1566 1158 1588; x_wconf 90' lang='lat' dir='ltr'>cum</span> <span class='ocrx_word' id='word_1_267' title='bbox 1180 1565 1239 1588; x_wconf 87' lang='lat' dir='ltr'>res</span> <span class='ocrx_word' id='word_1_268' title='bbox 1264 1553 1384 1600; x_wconf 84' lang='lat' dir='ltr'>exiget</span> <span class='ocrx_word' id='word_1_269' title='bbox 1411 1554 1455 1594; x_wconf 82' lang='lat'>5,</span> <span class='ocrx_word' id='word_1_270' title='bbox 1489 1556 1548 1594; x_wconf 84' lang='lat'>11,</span> 
     </span>
     <span class='ocr_line' id='line_1_27' title="bbox 43 1599 1548 1656; baseline -0.005 -18"><span class='ocrx_word' id='word_1_271' title='bbox 43 1635 46 1638; x_wconf 89' lang='lat'><strong>.</strong></span> <span class='ocrx_word' id='word_1_272' title='bbox 69 1604 104 1647; x_wconf 77' lang='grc'>5.</span> <span class='ocrx_word' id='word_1_273' title='bbox 131 1604 189 1645; x_wconf 76' lang='grc' dir='ltr'>(α.</span> <span class='ocrx_word' id='word_1_274' title='bbox 213 1606 239 1636; x_wconf 87' lang='lat'>1.</span> <span class='ocrx_word' id='word_1_275' title='bbox 262 1603 411 1656; x_wconf 82' lang='lat' dir='ltr'>exigent</span> <span class='ocrx_word' id='word_1_276' title='bbox 432 1608 479 1636; x_wconf 81' lang='lat' dir='ltr'>al.</span> <span class='ocrx_word' id='word_1_277' title='bbox 512 1602 691 1650; x_wconf 82' lang='lat' dir='ltr'>exigunt)</span> <span class='ocrx_word' id='word_1_278' title='bbox 721 1605 777 1646; x_wconf 87' lang='lat'>10,</span> <span class='ocrx_word' id='word_1_279' title='bbox 801 1606 836 1646; x_wconf 84' lang='lat'>3,</span> <span class='ocrx_word' id='word_1_280' title='bbox 859 1604 892 1636; x_wconf 83' lang='lat'>3.</span> <span class='ocrx_word' id='word_1_281' title='bbox 918 1608 959 1636; x_wconf 86' lang='lat' dir='ltr'>ut</span> <span class='ocrx_word' id='word_1_282' title='bbox 979 1613 1039 1642; x_wconf 85' lang='lat' dir='ltr'>res</span> <span class='ocrx_word' id='word_1_283' title='bbox 1069 1601 1191 1652; x_wconf 83' lang='lat' dir='ltr'>exiget</span> <span class='ocrx_word' id='word_1_284' title='bbox 1224 1601 1291 1642; x_wconf 94' lang='grc'>12,</span> <span class='ocrx_word' id='word_1_285' title='bbox 1328 1601 1394 1641; x_wconf 96' lang='grc'>10,</span> <span class='ocrx_word' id='word_1_286' title='bbox 1428 1599 1485 1633; x_wconf 87' lang='grc'><strong>69.</strong></span> <span class='ocrx_word' id='word_1_287' title='bbox 1517 1600 1548 1632; x_wconf 81' lang='lat' dir='ltr'>si</span> 
     </span>
     <span class='ocr_line' id='line_1_28' title="bbox 69 1644 1547 1700; baseline -0.003 -17"><span class='ocrx_word' id='word_1_288' title='bbox 69 1646 267 1683; x_wconf 75' lang='lat' dir='ltr'>comunis</span> <span class='ocrx_word' id='word_1_289' title='bbox 287 1649 420 1682; x_wconf 79' lang='lat' dir='ltr'>utilitas</span> <span class='ocrx_word' id='word_1_290' title='bbox 443 1651 607 1694; x_wconf 76' lang='lat' dir='ltr'>exegerit</span> <span class='ocrx_word' id='word_1_291' title='bbox 638 1652 694 1684; x_wconf 86' lang='grc'>12.</span> <span class='ocrx_word' id='word_1_292' title='bbox 719 1652 754 1691; x_wconf 92' lang='grc'>1,</span> <span class='ocrx_word' id='word_1_293' title='bbox 776 1650 835 1682; x_wconf 92' lang='grc'>37.</span> <span class='ocrx_word' id='word_1_294' title='bbox 878 1649 942 1700; x_wconf 47' lang='lat' dir='ltr'>fi)</span> <span class='ocrx_word' id='word_1_295' title='bbox 968 1647 1040 1689; x_wconf 76' lang='lat' dir='ltr'>adj.</span> <span class='ocrx_word' id='word_1_296' title='bbox 1081 1648 1180 1687; x_wconf 84' lang='lat' dir='ltr'>Ob1.:</span> <span class='ocrx_word' id='word_1_297' title='bbox 1215 1655 1368 1689; x_wconf 80' lang='lat' dir='ltr'>quorum</span> <span class='ocrx_word' id='word_1_298' title='bbox 1388 1644 1425 1677; x_wconf 89' lang='lat' dir='ltr'>id</span> <span class='ocrx_word' id='word_1_299' title='bbox 1450 1649 1547 1678; x_wconf 75' lang='lat' dir='ltr'>aetas</span> 
     </span>
     <span class='ocr_line' id='line_1_29' title="bbox 68 1689 1544 1741; baseline -0.004 -13"><span class='ocrx_word' id='word_1_300' title='bbox 68 1694 238 1741; x_wconf 78' lang='lat' dir='ltr'>exigebat</span> <span class='ocrx_word' id='word_1_301' title='bbox 258 1697 295 1737; x_wconf 89' lang='grc'>2,</span> <span class='ocrx_word' id='word_1_302' title='bbox 321 1697 354 1734; x_wconf 89' lang='grc'>5,</span> <span class='ocrx_word' id='word_1_303' title='bbox 379 1698 411 1728; x_wconf 92' lang='grc'>1.</span> <span class='ocrx_word' id='word_1_304' title='bbox 443 1701 656 1738; x_wconf 73' lang='lat' dir='ltr'>praeceptor</span> <span class='ocrx_word' id='word_1_305' title='bbox 676 1694 714 1728; x_wconf 87' lang='lat' dir='ltr'>id</span> <span class='ocrx_word' id='word_1_306' title='bbox 736 1693 891 1727; x_wconf 83' lang='lat' dir='ltr'>maxime</span> <span class='ocrx_word' id='word_1_307' title='bbox 913 1692 1035 1739; x_wconf 87' lang='lat' dir='ltr'>exigat</span> <span class='ocrx_word' id='word_1_308' title='bbox 1057 1694 1098 1733; x_wconf 93' lang='lat'>5,</span> <span class='ocrx_word' id='word_1_309' title='bbox 1123 1695 1189 1734; x_wconf 77' lang='lat'>12,</span> <span class='ocrx_word' id='word_1_310' title='bbox 1213 1693 1271 1725; x_wconf 59' lang='lat' dir='ltr'>Q</span> <span class='ocrx_word' id='word_1_311' title='bbox 1293 1690 1354 1734; x_wconf 84' lang='lat' dir='ltr'>qui</span> <span class='ocrx_word' id='word_1_312' title='bbox 1382 1689 1420 1722; x_wconf 88' lang='lat' dir='ltr'>in</span> <span class='ocrx_word' id='word_1_313' title='bbox 1454 1690 1544 1723; x_wconf 84' lang='lat' dir='ltr'>iram</span> 
     </span>
     <span class='ocr_line' id='line_1_30' title="bbox 69 1736 1547 1786; baseline -0.003 -13"><span class='ocrx_word' id='word_1_314' title='bbox 69 1739 224 1773; x_wconf 82' lang='lat' dir='ltr'>concitat</span> <span class='ocrx_word' id='word_1_315' title='bbox 246 1750 306 1781; x_wconf 77' lang='lat' dir='ltr'>se,</span> <span class='ocrx_word' id='word_1_316' title='bbox 338 1740 446 1784; x_wconf 80' lang='lat' dir='ltr'>idque</span> <span class='ocrx_word' id='word_1_317' title='bbox 469 1741 584 1786; x_wconf 88' lang='lat' dir='ltr'>exigit</span> <span class='ocrx_word' id='word_1_318' title='bbox 606 1742 649 1782; x_wconf 90' lang='grc'>6,</span> <span class='ocrx_word' id='word_1_319' title='bbox 673 1743 717 1782; x_wconf 90' lang='grc'>2,</span> <span class='ocrx_word' id='word_1_320' title='bbox 743 1743 802 1774; x_wconf 89' lang='grc'>27.</span> <span class='ocrx_word' id='word_1_321' title='bbox 831 1739 929 1783; x_wconf 81' lang='lat' dir='ltr'>quod</span> <span class='ocrx_word' id='word_1_322' title='bbox 950 1739 1084 1773; x_wconf 81' lang='lat' dir='ltr'>veritas</span> <span class='ocrx_word' id='word_1_323' title='bbox 1106 1736 1220 1783; x_wconf 84' lang='lat' dir='ltr'>exigit</span> <span class='ocrx_word' id='word_1_324' title='bbox 1242 1738 1260 1770; x_wconf 85' lang='lat'>1</span> <span class='ocrx_word' id='word_1_325' title='bbox 1274 1762 1286 1779; x_wconf 93' lang='lat'>,</span> <span class='ocrx_word' id='word_1_326' title='bbox 1308 1739 1332 1770; x_wconf 93' lang='grc'><strong>7</strong></span> <span class='ocrx_word' id='word_1_327' title='bbox 1344 1759 1356 1776; x_wconf 81' lang='lat'>,</span> <span class='ocrx_word' id='word_1_328' title='bbox 1377 1737 1413 1770; x_wconf 89' lang='grc'>8.</span> <span class='ocrx_word' id='word_1_329' title='bbox 1443 1746 1547 1779; x_wconf 83' lang='lat' dir='ltr'>prae-</span> 
     </span>
     <span class='ocr_line' id='line_1_31' title="bbox 70 1781 1544 1832; baseline -0.003 -14"><span class='ocrx_word' id='word_1_330' title='bbox 70 1785 206 1827; x_wconf 72' lang='lat' dir='ltr'>standi,</span> <span class='ocrx_word' id='word_1_331' title='bbox 239 1786 336 1828; x_wconf 90' lang='lat' dir='ltr'>quod</span> <span class='ocrx_word' id='word_1_332' title='bbox 361 1786 592 1832; x_wconf 83' lang='lat' dir='ltr'>exigebatur,</span> <span class='ocrx_word' id='word_1_333' title='bbox 631 1784 760 1819; x_wconf 86' lang='lat' dir='ltr'>fiducia</span> <span class='ocrx_word' id='word_1_334' title='bbox 790 1784 852 1819; x_wconf 85' lang='lat' dir='ltr'>Pr.</span> <span class='ocrx_word' id='word_1_335' title='bbox 884 1786 918 1819; x_wconf 84' lang='lat'>3.</span> <span class='ocrx_word' id='word_1_336' title='bbox 950 1795 996 1817; x_wconf 90' lang='lat' dir='ltr'>an</span> <span class='ocrx_word' id='word_1_337' title='bbox 1028 1783 1083 1826; x_wconf 89' lang='lat' dir='ltr'>id,</span> <span class='ocrx_word' id='word_1_338' title='bbox 1117 1784 1215 1827; x_wconf 75' lang='lat' dir='ltr'>quod</span> <span class='ocrx_word' id='word_1_339' title='bbox 1246 1781 1544 1828; x_wconf 83' lang='lat' dir='ltr'>exigebatur,</span> 
     </span>
     <span class='ocr_line' id='line_1_32' title="bbox 70 1826 1543 1876; baseline -0.001 -14"><span class='ocrx_word' id='word_1_340' title='bbox 70 1828 368 1872; x_wconf 59' lang='lat' dir='ltr'>debueritv,</span> <span class='ocrx_word' id='word_1_341' title='bbox 392 1830 434 1870; x_wconf 84' lang='grc'>4,</span> <span class='ocrx_word' id='word_1_342' title='bbox 459 1832 506 1865; x_wconf 85' lang='grc'>38</span> <span class='ocrx_word' id='word_1_343' title='bbox 539 1830 637 1875; x_wconf 69' lang='lat' dir='ltr'>[M]</span> <span class='ocrx_word' id='word_1_344' title='bbox 675 1842 767 1875; x_wconf 86' lang='lat' dir='ltr'>quae</span> <span class='ocrx_word' id='word_1_345' title='bbox 798 1831 828 1864; x_wconf 85' lang='lat' dir='ltr'>si</span> <span class='ocrx_word' id='word_1_346' title='bbox 863 1829 983 1864; x_wconf 90' lang='lat' dir='ltr'>omnia</span> <span class='ocrx_word' id='word_1_347' title='bbox 1012 1829 1197 1876; x_wconf 78' lang='lat' dir='ltr'>exigerem</span> <span class='ocrx_word' id='word_1_348' title='bbox 1232 1830 1265 1870; x_wconf 92' lang='lat'>1,</span> <span class='ocrx_word' id='word_1_349' title='bbox 1298 1830 1355 1869; x_wconf 94' lang='grc'>12,</span> <span class='ocrx_word' id='word_1_350' title='bbox 1380 1826 1434 1860; x_wconf 82' lang='grc'>14.</span> <span class='ocrx_word' id='word_1_351' title='bbox 1465 1827 1543 1861; x_wconf 80' lang='lat' dir='ltr'>sive</span> 
     </span>
     <span class='ocr_line' id='line_1_33' title="bbox 65 1871 1542 1922; baseline -0.001 -15"><span class='ocrx_word' id='word_1_352' title='bbox 65 1885 161 1919; x_wconf 64' lang='lat' dir='ltr'>&gt;quae</span> <span class='ocrx_word' id='word_1_353' title='bbox 182 1874 251 1907; x_wconf 83' lang='lat' dir='ltr'>alia</span> <span class='ocrx_word' id='word_1_354' title='bbox 272 1876 431 1922; x_wconf 83' lang='lat' dir='ltr'>exegerit</span> <span class='ocrx_word' id='word_1_355' title='bbox 444 1876 535 1910; x_wconf 85' lang='lat' dir='ltr'>ratio</span> <span class='ocrx_word' id='word_1_356' title='bbox 562 1880 618 1919; x_wconf 83' lang='grc'>12,</span> <span class='ocrx_word' id='word_1_357' title='bbox 640 1878 675 1917; x_wconf 88' lang='grc'>9,</span> <span class='ocrx_word' id='word_1_358' title='bbox 698 1879 756 1910; x_wconf 91' lang='grc'>20.</span> <span class='ocrx_word' id='word_1_359' title='bbox 785 1877 871 1920; x_wconf 83' lang='lat' dir='ltr'>quid</span> <span class='ocrx_word' id='word_1_360' title='bbox 894 1881 1067 1919; x_wconf 83' lang='lat' dir='ltr'>separata,</span> <span class='ocrx_word' id='word_1_361' title='bbox 1091 1874 1175 1919; x_wconf 80' lang='lat' dir='ltr'>quid</span> <span class='ocrx_word' id='word_1_362' title='bbox 1189 1874 1380 1917; x_wconf 70' lang='lat' dir='ltr'>conjuncta</span> <span class='ocrx_word' id='word_1_363' title='bbox 1406 1871 1542 1916; x_wconf 74' lang='lat' dir='ltr'>(verba)</span> 
     </span>
     <span class='ocr_line' id='line_1_34' title="bbox 70 1919 1544 1967; baseline -0.001 -13"><span class='ocrx_word' id='word_1_364' title='bbox 70 1921 219 1965; x_wconf 77' lang='lat' dir='ltr'>exigant</span> <span class='ocrx_word' id='word_1_365' title='bbox 239 1921 283 1961; x_wconf 90' lang='grc'>8,</span> <span class='ocrx_word' id='word_1_366' title='bbox 307 1922 353 1961; x_wconf 88' lang='grc'>3,</span> <span class='ocrx_word' id='word_1_367' title='bbox 377 1922 431 1954; x_wconf 86' lang='grc'>15.</span> <span class='ocrx_word' id='word_1_368' title='bbox 463 1932 512 1954; x_wconf 88' lang='lat' dir='ltr'>ne</span> <span class='ocrx_word' id='word_1_369' title='bbox 543 1927 603 1954; x_wconf 81' lang='lat' dir='ltr'>aut</span> <span class='ocrx_word' id='word_1_370' title='bbox 625 1932 751 1967; x_wconf 85' lang='lat' dir='ltr'>magna</span> <span class='ocrx_word' id='word_1_371' title='bbox 771 1921 921 1954; x_wconf 88' lang='lat' dir='ltr'>nimium</span> <span class='ocrx_word' id='word_1_372' title='bbox 945 1921 1073 1956; x_wconf 78' lang='lat' dir='ltr'>videar</span> <span class='ocrx_word' id='word_1_373' title='bbox 1097 1920 1244 1966; x_wconf 87' lang='lat' dir='ltr'>exigere</span> <span class='ocrx_word' id='word_1_374' title='bbox 1267 1939 1314 1944; x_wconf 97' lang='lat'><strong>—</strong></span> <span class='ocrx_word' id='word_1_375' title='bbox 1338 1924 1399 1952; x_wconf 83' lang='lat' dir='ltr'>aut</span> <span class='ocrx_word' id='word_1_376' title='bbox 1432 1919 1544 1952; x_wconf 72' lang='lat' dir='ltr'>muna</span> 
     </span>
     <span class='ocr_line' id='line_1_35' title="bbox 69 1964 1539 2013; baseline -0.003 -13"><span class='ocrx_word' id='word_1_377' title='bbox 69 1969 127 2008; x_wconf 84' lang='lat'>12,</span> <span class='ocrx_word' id='word_1_378' title='bbox 152 1968 208 2004; x_wconf 86' lang='lat'>11,</span> <span class='ocrx_word' id='word_1_379' title='bbox 229 1965 274 2006; x_wconf 76' lang='lat'>93</span> <span class='ocrx_word' id='word_1_380' title='bbox 298 1965 368 2006; x_wconf 81' lang='lat' dir='ltr'>jam</span> <span class='ocrx_word' id='word_1_381' title='bbox 387 1971 580 2008; x_wconf 81' lang='lat' dir='ltr'>recepta</span> <span class='ocrx_word' id='word_1_382' title='bbox 609 1972 681 1999; x_wconf 85' lang='lat' dir='ltr'>est</span> <span class='ocrx_word' id='word_1_383' title='bbox 713 1966 806 2000; x_wconf 80' lang='lat' dir='ltr'>actio</span> <span class='ocrx_word' id='word_1_384' title='bbox 828 1967 935 2010; x_wconf 84' lang='lat' dir='ltr'>paulo</span> <span class='ocrx_word' id='word_1_385' title='bbox 958 1965 1138 2013; x_wconf 76' lang='lat' dir='ltr'>agitatior,</span> <span class='ocrx_word' id='word_1_386' title='bbox 1167 1971 1203 1999; x_wconf 85' lang='lat' dir='ltr'>et</span> <span class='ocrx_word' id='word_1_387' title='bbox 1239 1964 1448 2009; x_wconf 83' lang='lat' dir='ltr'>exigitur</span> <span class='ocrx_word' id='word_1_388' title='bbox 1482 1966 1539 2005; x_wconf 63' lang='lat'>11,</span> 
     </span>
     <span class='ocr_line' id='line_1_36' title="bbox 66 2009 1540 2056; baseline -0.002 -12"><span class='ocrx_word' id='word_1_389' title='bbox 66 2013 111 2053; x_wconf 87' lang='lat'>3,</span> <span class='ocrx_word' id='word_1_390' title='bbox 144 2009 222 2044; x_wconf 83' lang='lat'>184.</span> <span class='ocrx_word' id='word_1_391' title='bbox 254 2009 336 2051; x_wconf 88' lang='lat' dir='ltr'>illo,</span> <span class='ocrx_word' id='word_1_392' title='bbox 369 2021 475 2052; x_wconf 81' lang='lat' dir='ltr'>quem</span> <span class='ocrx_word' id='word_1_393' title='bbox 509 2010 705 2056; x_wconf 80' lang='lat' dir='ltr'>exigimus,</span> <span class='ocrx_word' id='word_1_394' title='bbox 742 2011 860 2045; x_wconf 89' lang='lat' dir='ltr'>animo</span> <span class='ocrx_word' id='word_1_395' title='bbox 897 2014 965 2052; x_wconf 76' lang='lat'>1²,</span> <span class='ocrx_word' id='word_1_396' title='bbox 1001 2015 1044 2053; x_wconf 92' lang='lat'>7,</span> <span class='ocrx_word' id='word_1_397' title='bbox 1079 2013 1114 2045; x_wconf 82' lang='lat' dir='ltr'>S.</span> <span class='ocrx_word' id='word_1_398' title='bbox 1148 2011 1273 2045; x_wconf 80' lang='lat' dir='ltr'>literae</span> <span class='ocrx_word' id='word_1_399' title='bbox 1311 2010 1540 2053; x_wconf 81' lang='lat' dir='ltr'>syllabaeque</span> 
     </span>
     <span class='ocr_line' id='line_1_37' title="bbox 68 2054 1544 2102; baseline -0.002 -12"><span class='ocrx_word' id='word_1_400' title='bbox 68 2055 299 2091; x_wconf 73' lang='lat' dir='ltr'>scribentium</span> <span class='ocrx_word' id='word_1_401' title='bbox 325 2054 572 2101; x_wconf 84' lang='lat' dir='ltr'>cogitationem</span> <span class='ocrx_word' id='word_1_402' title='bbox 606 2065 679 2088; x_wconf 86' lang='lat' dir='ltr'>non</span> <span class='ocrx_word' id='word_1_403' title='bbox 704 2056 853 2102; x_wconf 85' lang='lat' dir='ltr'>exigunt</span> <span class='ocrx_word' id='word_1_404' title='bbox 880 2058 914 2097; x_wconf 91' lang='lat'>5,</span> <span class='ocrx_word' id='word_1_405' title='bbox 939 2058 996 2097; x_wconf 90' lang='lat'>10,</span> <span class='ocrx_word' id='word_1_406' title='bbox 1021 2057 1099 2090; x_wconf 88' lang='grc'><strong>125.</strong></span> <span class='ocrx_word' id='word_1_407' title='bbox 1131 2055 1162 2088; x_wconf 84' lang='lat' dir='ltr'>si</span> <span class='ocrx_word' id='word_1_408' title='bbox 1184 2055 1447 2088; x_wconf 80' lang='lat' dir='ltr'>confessionem</span> <span class='ocrx_word' id='word_1_409' title='bbox 1473 2065 1544 2087; x_wconf 84' lang='lat' dir='ltr'>ex-</span> 
     </span>
     <span class='ocr_line' id='line_1_38' title="bbox 68 2098 1542 2148; baseline -0.001 -14"><span class='ocrx_word' id='word_1_410' title='bbox 68 2101 164 2148; x_wconf 80' lang='lat' dir='ltr'>igitis</span> <span class='ocrx_word' id='word_1_411' title='bbox 188 2099 225 2143; x_wconf 88' lang='grc'>4,</span> <span class='ocrx_word' id='word_1_412' title='bbox 249 2103 284 2142; x_wconf 89' lang='grc'>2,</span> <span class='ocrx_word' id='word_1_413' title='bbox 307 2102 365 2134; x_wconf 90' lang='grc'>73.</span> <span class='ocrx_word' id='word_1_414' title='bbox 389 2099 562 2133; x_wconf 88' lang='lat' dir='ltr'>creditum</span> <span class='ocrx_word' id='word_1_415' title='bbox 585 2110 685 2132; x_wconf 87' lang='lat' dir='ltr'>suum</span> <span class='ocrx_word' id='word_1_416' title='bbox 706 2106 820 2133; x_wconf 87' lang='lat' dir='ltr'>totum</span> <span class='ocrx_word' id='word_1_417' title='bbox 842 2101 1031 2145; x_wconf 84' lang='lat' dir='ltr'>exigerent</span> <span class='ocrx_word' id='word_1_418' title='bbox 1053 2102 1088 2142; x_wconf 89' lang='lat'>5,</span> <span class='ocrx_word' id='word_1_419' title='bbox 1108 2103 1163 2140; x_wconf 88' lang='lat'>10,</span> <span class='ocrx_word' id='word_1_420' title='bbox 1181 2101 1259 2133; x_wconf 85' lang='lat'>105.</span> <span class='ocrx_word' id='word_1_421' title='bbox 1284 2099 1348 2133; x_wconf 86' lang='lat' dir='ltr'>ubi</span> <span class='ocrx_word' id='word_1_422' title='bbox 1370 2098 1542 2133; x_wconf 80' lang='lat' dir='ltr'>orationis</span> 
     </span>
     <span class='ocr_line' id='line_1_39' title="bbox 68 2144 1540 2192; baseline -0.003 -10"><span class='ocrx_word' id='word_1_423' title='bbox 68 2157 194 2182; x_wconf 73' lang='lat' dir='ltr'>cursus</span> <span class='ocrx_word' id='word_1_424' title='bbox 216 2145 373 2192; x_wconf 85' lang='lat' dir='ltr'>exigitur</span> <span class='ocrx_word' id='word_1_425' title='bbox 402 2146 447 2187; x_wconf 88' lang='lat'>9,</span> <span class='ocrx_word' id='word_1_426' title='bbox 470 2144 513 2187; x_wconf 88' lang='grc'>4,</span> <span class='ocrx_word' id='word_1_427' title='bbox 541 2145 617 2178; x_wconf 88' lang='grc'><strong>106.</strong></span> <span class='ocrx_word' id='word_1_428' title='bbox 647 2146 727 2188; x_wconf 84' lang='lat' dir='ltr'>plus</span> <span class='ocrx_word' id='word_1_429' title='bbox 754 2145 904 2190; x_wconf 82' lang='lat' dir='ltr'>exigunt</span> <span class='ocrx_word' id='word_1_430' title='bbox 933 2156 1040 2181; x_wconf 85' lang='lat' dir='ltr'>curae</span> <span class='ocrx_word' id='word_1_431' title='bbox 1069 2150 1106 2178; x_wconf 89' lang='lat' dir='ltr'>et</span> <span class='ocrx_word' id='word_1_432' title='bbox 1139 2145 1272 2177; x_wconf 84' lang='lat' dir='ltr'>laboris</span> <span class='ocrx_word' id='word_1_433' title='bbox 1305 2145 1354 2185; x_wconf 86' lang='lat'>8,</span> <span class='ocrx_word' id='word_1_434' title='bbox 1384 2145 1442 2178; x_wconf 81' lang='lat' dir='ltr'>Pr.</span> <span class='ocrx_word' id='word_1_435' title='bbox 1483 2146 1540 2178; x_wconf 84' lang='lat'>13.</span> 
     </span>
     <span class='ocr_line' id='line_1_40' title="bbox 66 2189 1544 2236; baseline -0.001 -10"><span class='ocrx_word' id='word_1_436' title='bbox 66 2193 212 2236; x_wconf 76' lang='lat' dir='ltr'>elegans</span> <span class='ocrx_word' id='word_1_437' title='bbox 235 2197 271 2225; x_wconf 89' lang='lat' dir='ltr'>et</span> <span class='ocrx_word' id='word_1_438' title='bbox 292 2196 443 2226; x_wconf 78' lang='lat' dir='ltr'>venusta</span> <span class='ocrx_word' id='word_1_439' title='bbox 465 2189 622 2236; x_wconf 83' lang='lat' dir='ltr'>exigitur</span> <span class='ocrx_word' id='word_1_440' title='bbox 642 2195 716 2222; x_wconf 91' lang='lat' dir='ltr'>tota</span> <span class='ocrx_word' id='word_1_441' title='bbox 747 2190 927 2233; x_wconf 82' lang='lat' dir='ltr'>expositio</span> <span class='ocrx_word' id='word_1_442' title='bbox 950 2191 995 2232; x_wconf 83' lang='lat'>6,</span> <span class='ocrx_word' id='word_1_443' title='bbox 1018 2192 1040 2223; x_wconf 88' lang='grc'><strong>3</strong></span> <span class='ocrx_word' id='word_1_444' title='bbox 1053 2215 1064 2231; x_wconf 91' lang='grc'>,</span> <span class='ocrx_word' id='word_1_445' title='bbox 1091 2190 1149 2224; x_wconf 89' lang='grc'>39.</span> <span class='ocrx_word' id='word_1_446' title='bbox 1179 2191 1269 2223; x_wconf 86' lang='lat' dir='ltr'>haec</span> <span class='ocrx_word' id='word_1_447' title='bbox 1291 2189 1440 2234; x_wconf 87' lang='lat' dir='ltr'>exigunt</span> <span class='ocrx_word' id='word_1_448' title='bbox 1461 2200 1544 2224; x_wconf 75' lang='lat' dir='ltr'>acre</span> 
     </span>
     <span class='ocr_line' id='line_1_41' title="bbox 66 2233 1540 2282; baseline -0.001 -12"><span class='ocrx_word' id='word_1_449' title='bbox 66 2238 237 2282; x_wconf 83' lang='lat' dir='ltr'>judicium</span> <span class='ocrx_word' id='word_1_450' title='bbox 259 2239 278 2270; x_wconf 91' lang='lat'>1</span> <span class='ocrx_word' id='word_1_451' title='bbox 294 2262 306 2278; x_wconf 95' lang='lat'>,</span> <span class='ocrx_word' id='word_1_452' title='bbox 329 2237 375 2277; x_wconf 89' lang='grc'>6,</span> <span class='ocrx_word' id='word_1_453' title='bbox 403 2238 435 2270; x_wconf 87' lang='lat'>3.</span> <span class='ocrx_word' id='word_1_454' title='bbox 470 2235 629 2278; x_wconf 84' lang='lat' dir='ltr'>duplices</span> <span class='ocrx_word' id='word_1_455' title='bbox 654 2235 802 2280; x_wconf 84' lang='lat' dir='ltr'>exigere</span> <span class='ocrx_word' id='word_1_456' title='bbox 825 2236 1006 2268; x_wconf 81' lang='lat' dir='ltr'>mercedes</span> <span class='ocrx_word' id='word_1_457' title='bbox 1029 2238 1065 2277; x_wconf 88' lang='grc'>2,</span> <span class='ocrx_word' id='word_1_458' title='bbox 1087 2236 1122 2276; x_wconf 91' lang='grc'>3,</span> <span class='ocrx_word' id='word_1_459' title='bbox 1146 2235 1178 2268; x_wconf 92' lang='grc'>3.</span> <span class='ocrx_word' id='word_1_460' title='bbox 1219 2233 1266 2275; x_wconf 83' lang='lat' dir='ltr'>cs.</span> <span class='ocrx_word' id='word_1_461' title='bbox 1304 2238 1367 2277; x_wconf 85' lang='lat'>12,</span> <span class='ocrx_word' id='word_1_462' title='bbox 1394 2237 1458 2276; x_wconf 87' lang='lat'>11,</span> <span class='ocrx_word' id='word_1_463' title='bbox 1483 2235 1540 2269; x_wconf 89' lang='grc'>14.</span> 
     </span>
     <span class='ocr_line' id='line_1_42' title="bbox 68 2279 1540 2325; baseline -0.001 -9"><span class='ocrx_word' id='word_1_464' title='bbox 68 2282 309 2316; x_wconf 81' lang='lat' dir='ltr'>narrationem</span> <span class='ocrx_word' id='word_1_465' title='bbox 332 2291 511 2324; x_wconf 80' lang='lat' dir='ltr'>nunquam</span> <span class='ocrx_word' id='word_1_466' title='bbox 535 2280 648 2325; x_wconf 64' lang='lat' dir='ltr'>exigit</span> <span class='ocrx_word' id='word_1_467' title='bbox 673 2281 812 2324; x_wconf 79' lang='lat' dir='ltr'>privata</span> <span class='ocrx_word' id='word_1_468' title='bbox 846 2279 1052 2314; x_wconf 87' lang='lat' dir='ltr'>deliberatio</span> <span class='ocrx_word' id='word_1_469' title='bbox 1083 2283 1125 2321; x_wconf 87' lang='grc'>3,</span> <span class='ocrx_word' id='word_1_470' title='bbox 1153 2281 1196 2323; x_wconf 89' lang='grc'>8,</span> <span class='ocrx_word' id='word_1_471' title='bbox 1223 2282 1270 2313; x_wconf 93' lang='grc'>10</span> <span class='ocrx_word' id='word_1_472' title='bbox 1289 2283 1331 2314; x_wconf 92' lang='grc' dir='ltr'>Ζ.</span> <span class='ocrx_word' id='word_1_473' title='bbox 1368 2281 1447 2315; x_wconf 73' lang='lat' dir='ltr'>fere</span> <span class='ocrx_word' id='word_1_474' title='bbox 1473 2291 1540 2324; x_wconf 87' lang='lat' dir='ltr'>po-</span> 
     </span>
     <span class='ocr_line' id='line_1_43' title="bbox 69 2318 1540 2377; baseline 0 -17"><span class='ocrx_word' id='word_1_475' title='bbox 69 2328 208 2360; x_wconf 88' lang='lat' dir='ltr'>nendae</span> <span class='ocrx_word' id='word_1_476' title='bbox 231 2338 253 2359; x_wconf 85' lang='lat' dir='ltr'>a</span> <span class='ocrx_word' id='word_1_477' title='bbox 274 2336 334 2359; x_wconf 90' lang='lat' dir='ltr'>me</span> <span class='ocrx_word' id='word_1_478' title='bbox 356 2336 483 2358; x_wconf 81' lang='lat' dir='ltr'>causae</span> <span class='ocrx_word' id='word_1_479' title='bbox 515 2326 675 2360; x_wconf 83' lang='lat' dir='ltr'>officium</span> <span class='ocrx_word' id='word_1_480' title='bbox 707 2326 916 2371; x_wconf 87' lang='lat' dir='ltr'>exigebatur</span> <span class='ocrx_word' id='word_1_481' title='bbox 949 2324 994 2367; x_wconf 85' lang='lat'>4,</span> <span class='ocrx_word' id='word_1_482' title='bbox 1022 2328 1069 2367; x_wconf 88' lang='grc'>2,</span> <span class='ocrx_word' id='word_1_483' title='bbox 1103 2325 1159 2359; x_wconf 88' lang='grc'>86.</span> <span class='ocrx_word' id='word_1_484' title='bbox 1191 2318 1414 2377; x_wconf 67' lang='lat' dir='ltr'>exigendam¹</span> <span class='ocrx_word' id='word_1_485' title='bbox 1434 2327 1540 2370; x_wconf 81' lang='lat' dir='ltr'>plane</span> 
     </span>
     <span class='ocr_line' id='line_1_44' title="bbox 69 2369 1540 2417; baseline 0.001 -13"><span class='ocrx_word' id='word_1_486' title='bbox 69 2371 127 2414; x_wconf 83' lang='lat' dir='ltr'>(S</span> <span class='ocrx_word' id='word_1_487' title='bbox 160 2395 169 2405; x_wconf 91' lang='lat'><strong>.</strong></span> <span class='ocrx_word' id='word_1_488' title='bbox 193 2369 352 2414; x_wconf 81' lang='lat' dir='ltr'>plenam)</span> <span class='ocrx_word' id='word_1_489' title='bbox 386 2381 529 2414; x_wconf 85' lang='lat' dir='ltr'>operam</span> <span class='ocrx_word' id='word_1_490' title='bbox 553 2373 570 2404; x_wconf 88' lang='lat'>1</span> <span class='ocrx_word' id='word_1_491' title='bbox 585 2395 595 2412; x_wconf 90' lang='lat'>,</span> <span class='ocrx_word' id='word_1_492' title='bbox 618 2374 636 2404; x_wconf 90' lang='lat'>1</span> <span class='ocrx_word' id='word_1_493' title='bbox 651 2396 663 2414; x_wconf 94' lang='lat'>,</span> <span class='ocrx_word' id='word_1_494' title='bbox 685 2374 731 2406; x_wconf 90' lang='grc'>20</span> <span class='ocrx_word' id='word_1_495' title='bbox 753 2376 795 2406; x_wconf 94' lang='grc' dir='ltr'>Ζ.</span> <span class='ocrx_word' id='word_1_496' title='bbox 834 2382 900 2414; x_wconf 88' lang='lat' dir='ltr'>pro</span> <span class='ocrx_word' id='word_1_497' title='bbox 922 2372 1029 2405; x_wconf 89' lang='lat' dir='ltr'>modo</span> <span class='ocrx_word' id='word_1_498' title='bbox 1050 2370 1182 2405; x_wconf 70' lang='lat' dir='ltr'>virium</span> <span class='ocrx_word' id='word_1_499' title='bbox 1203 2372 1420 2417; x_wconf 73' lang='lat' dir='ltr'>exigendum</span> <span class='ocrx_word' id='word_1_500' title='bbox 1449 2383 1540 2416; x_wconf 81' lang='lat' dir='ltr'>opus</span> 
     </span>
     <span class='ocr_line' id='line_1_45' title="bbox 69 2383 1537 2466; baseline 0.003 -19"><span class='ocrx_word' id='word_1_501' title='bbox 69 2418 106 2456; x_wconf 84' lang='grc'>2,</span> <span class='ocrx_word' id='word_1_502' title='bbox 128 2383 165 2458; x_wconf 56' lang='lat' dir='ltr'>K,</span> <span class='ocrx_word' id='word_1_503' title='bbox 187 2414 244 2448; x_wconf 85' lang='grc'>14.</span> <span class='ocrx_word' id='word_1_504' title='bbox 268 2415 330 2466; x_wconf 77' lang='lat' dir='ltr'>ubi</span> <span class='ocrx_word' id='word_1_505' title='bbox 350 2417 491 2459; x_wconf 82' lang='lat' dir='ltr'>pondus</span> <span class='ocrx_word' id='word_1_506' title='bbox 513 2416 667 2463; x_wconf 87' lang='lat' dir='ltr'>exigitur</span> <span class='ocrx_word' id='word_1_507' title='bbox 687 2418 723 2459; x_wconf 90' lang='lat'>9,</span> <span class='ocrx_word' id='word_1_508' title='bbox 746 2417 783 2459; x_wconf 90' lang='grc'>4,</span> <span class='ocrx_word' id='word_1_509' title='bbox 805 2418 862 2452; x_wconf 87' lang='grc'>83.</span> <span class='ocrx_word' id='word_1_510' title='bbox 886 2427 931 2450; x_wconf 83' lang='lat' dir='ltr'>an</span> <span class='ocrx_word' id='word_1_511' title='bbox 954 2416 1051 2462; x_wconf 83' lang='lat' dir='ltr'>exigi</span> <span class='ocrx_word' id='word_1_512' title='bbox 1077 2416 1204 2450; x_wconf 88' lang='lat' dir='ltr'>debeat</span> <span class='ocrx_word' id='word_1_513' title='bbox 1233 2416 1412 2462; x_wconf 48' lang='lat' dir='ltr'>(poenas-³</span> <span class='ocrx_word' id='word_1_514' title='bbox 1441 2421 1478 2460; x_wconf 92' lang='grc'>7,</span> <span class='ocrx_word' id='word_1_515' title='bbox 1501 2417 1537 2461; x_wconf 86' lang='grc'>4,</span> 
     </span>
     <span class='ocr_line' id='line_1_46' title="bbox 45 2461 1539 2513; baseline 0.003 -19"><span class='ocrx_word' id='word_1_516' title='bbox 45 2462 130 2494; x_wconf 79' lang='grc'><strong>’20.</strong></span> <span class='ocrx_word' id='word_1_517' title='bbox 152 2461 231 2504; x_wconf 75' lang='lat' dir='ltr'>plus</span> <span class='ocrx_word' id='word_1_518' title='bbox 258 2466 408 2506; x_wconf 79' lang='lat' dir='ltr'>exigunt</span> <span class='ocrx_word' id='word_1_519' title='bbox 429 2461 636 2513; x_wconf 46' lang='lat' dir='ltr'>slub‘tilitatis</span> <span class='ocrx_word' id='word_1_520' title='bbox 653 2464 689 2504; x_wconf 88' lang='lat'>1,</span> <span class='ocrx_word' id='word_1_521' title='bbox 711 2465 746 2505; x_wconf 89' lang='lat'>5,</span> <span class='ocrx_word' id='word_1_522' title='bbox 773 2466 828 2497; x_wconf 91' lang='grc'>17.</span> <span class='ocrx_word' id='word_1_523' title='bbox 852 2462 969 2496; x_wconf 85' lang='lat' dir='ltr'>minus</span> <span class='ocrx_word' id='word_1_524' title='bbox 992 2462 1233 2496; x_wconf 77' lang='lat' dir='ltr'>exclamantes</span> <span class='ocrx_word' id='word_1_525' title='bbox 1256 2461 1433 2506; x_wconf 71' lang='lat' dir='ltr'>(syllabas)</span> <span class='ocrx_word' id='word_1_526' title='bbox 1458 2463 1539 2498; x_wconf 90' lang='lat' dir='ltr'>exi-</span> 
     </span>
     <span class='ocr_line' id='line_1_47' title="bbox 143 2501 1539 2554; baseline 0.003 -15"><span class='ocrx_word' id='word_1_527' title='bbox 143 2510 158 2538; x_wconf 81' lang='lat' dir='ltr'>t</span> <span class='ocrx_word' id='word_1_528' title='bbox 183 2506 219 2548; x_wconf 89' lang='lat'>9,</span> <span class='ocrx_word' id='word_1_529' title='bbox 242 2504 278 2546; x_wconf 83' lang='lat'>4,</span> <span class='ocrx_word' id='word_1_530' title='bbox 305 2509 381 2540; x_wconf 83' lang='lat'>137.</span> <span class='ocrx_word' id='word_1_531' title='bbox 410 2518 511 2541; x_wconf 80' lang='lat' dir='ltr'>vlsus</span> <span class='ocrx_word' id='word_1_532' title='bbox 540 2501 1024 2546; x_wconf 79' lang='lat' dir='ltr'>infirmior&#39;membranarmn</span> <span class='ocrx_word' id='word_1_533' title='bbox 1055 2506 1172 2550; x_wconf 83' lang='lat' dir='ltr'>potins</span> <span class='ocrx_word' id='word_1_534' title='bbox 1199 2519 1302 2541; x_wconf 72' lang='lat' dir='ltr'>mum</span> <span class='ocrx_word' id='word_1_535' title='bbox 1331 2509 1453 2554; x_wconf 88' lang='lat' dir='ltr'>exiget</span> <span class='ocrx_word' id='word_1_536' title='bbox 1482 2512 1539 2552; x_wconf 91' lang='lat'>10,</span> 
     </span>
    </p>

    <p class='ocr_par' dir='ltr' id='par_1_14' title="bbox 52 2548 1542 2827">
     <span class='ocr_line' id='line_1_48' title="bbox 95 2548 1539 2600; baseline 0.003 -16"><span class='ocrx_word' id='word_1_537' title='bbox 95 2577 107 2593; x_wconf 90' lang='lat'>,</span> <span class='ocrx_word' id='word_1_538' title='bbox 130 2552 187 2585; x_wconf 89' lang='grc'>31.</span> <span class='ocrx_word' id='word_1_539' title='bbox 211 2550 342 2585; x_wconf 83' lang='lat' dir='ltr'>virium</span> <span class='ocrx_word' id='word_1_540' title='bbox 371 2557 476 2596; x_wconf 76' lang='lat' dir='ltr'>atque</span> <span class='ocrx_word' id='word_1_541' title='bbox 499 2552 650 2597; x_wconf 84' lang='lat' dir='ltr'>impetus</span> <span class='ocrx_word' id='word_1_542' title='bbox 674 2564 748 2587; x_wconf 85' lang='lat' dir='ltr'>non</span> <span class='ocrx_word' id='word_1_543' title='bbox 773 2555 979 2587; x_wconf 87' lang='lat' dir='ltr'>tantundem</span> <span class='ocrx_word' id='word_1_544' title='bbox 1006 2554 1156 2600; x_wconf 83' lang='lat' dir='ltr'>exigunt</span> <span class='ocrx_word' id='word_1_545' title='bbox 1182 2554 1227 2596; x_wconf 87' lang='grc'>6,</span> <span class='ocrx_word' id='word_1_546' title='bbox 1258 2557 1302 2596; x_wconf 87' lang='grc'>2,</span> <span class='ocrx_word' id='word_1_547' title='bbox 1325 2548 1395 2588; x_wconf 71' lang='lat'>¹10.</span> <span class='ocrx_word' id='word_1_548' title='bbox 1426 2555 1539 2599; x_wconf 83' lang='lat' dir='ltr'>turpis</span> 
     </span>
     <span class='ocr_line' id='line_1_49' title="bbox 67 2597 1540 2646; baseline 0.002 -15"><span class='ocrx_word' id='word_1_549' title='bbox 67 2597 234 2640; x_wconf 78' lang='lat' dir='ltr'>voluptas</span> <span class='ocrx_word' id='word_1_550' title='bbox 255 2602 292 2631; x_wconf 91' lang='lat' dir='ltr'>et</span> <span class='ocrx_word' id='word_1_551' title='bbox 315 2597 506 2631; x_wconf 86' lang='lat' dir='ltr'>inhumana</span> <span class='ocrx_word' id='word_1_552' title='bbox 530 2609 551 2631; x_wconf 81' lang='lat' dir='ltr'>a</span> <span class='ocrx_word' id='word_1_553' title='bbox 578 2599 813 2645; x_wconf 82' lang='lat' dir='ltr'>litigatoribus</span> <span class='ocrx_word' id='word_1_554' title='bbox 839 2601 1046 2643; x_wconf 81' lang='lat' dir='ltr'>frequenter</span> <span class='ocrx_word' id='word_1_555' title='bbox 1071 2597 1225 2646; x_wconf 84' lang='lat' dir='ltr'>exigitur</span> <span class='ocrx_word' id='word_1_556' title='bbox 1251 2602 1308 2641; x_wconf 87' lang='lat'>12,</span> <span class='ocrx_word' id='word_1_557' title='bbox 1335 2601 1371 2642; x_wconf 89' lang='grc'>9,</span> <span class='ocrx_word' id='word_1_558' title='bbox 1396 2601 1451 2634; x_wconf 91' lang='grc'>10.</span> <span class='ocrx_word' id='word_1_559' title='bbox 1500 2599 1540 2645; x_wconf 75' lang='grc' dir='ltr'>γ’)</span> 
     </span>
     <span class='ocr_line' id='line_1_50' title="bbox 52 2642 1536 2691; baseline 0.003 -16"><span class='ocrx_word' id='word_1_560' title='bbox 52 2642 143 2686; x_wconf 75' lang='grc' dir='ltr'><strong>·ιι1]’.</strong></span> <span class='ocrx_word' id='word_1_561' title='bbox 169 2644 238 2677; x_wconf 76' lang='lat' dir='ltr'>ab:</span> <span class='ocrx_word' id='word_1_562' title='bbox 262 2653 369 2676; x_wconf 89' lang='lat' dir='ltr'>nemo</span> <span class='ocrx_word' id='word_1_563' title='bbox 392 2655 413 2677; x_wconf 83' lang='lat' dir='ltr'>a</span> <span class='ocrx_word' id='word_1_564' title='bbox 438 2654 496 2677; x_wconf 89' lang='lat' dir='ltr'>me</span> <span class='ocrx_word' id='word_1_565' title='bbox 519 2643 640 2691; x_wconf 71' lang='lat' dir='ltr'>exigat</span> <span class='ocrx_word' id='word_1_566' title='bbox 662 2645 699 2678; x_wconf 90' lang='lat' dir='ltr'>id</span> <span class='ocrx_word' id='word_1_567' title='bbox 722 2651 990 2688; x_wconf 83' lang='lat' dir='ltr'>praeceptorum</span> <span class='ocrx_word' id='word_1_568' title='bbox 1012 2655 1122 2691; x_wconf 80' lang='lat' dir='ltr'>genus</span> <span class='ocrx_word' id='word_1_569' title='bbox 1146 2647 1183 2688; x_wconf 87' lang='grc'>2,</span> <span class='ocrx_word' id='word_1_570' title='bbox 1207 2646 1263 2688; x_wconf 87' lang='grc'>13,</span> <span class='ocrx_word' id='word_1_571' title='bbox 1289 2648 1322 2678; x_wconf 93' lang='grc'>1.</span> <span class='ocrx_word' id='word_1_572' title='bbox 1352 2647 1413 2689; x_wconf 79' lang='lat' dir='ltr'>qui</span> <span class='ocrx_word' id='word_1_573' title='bbox 1439 2657 1460 2679; x_wconf 85' lang='lat' dir='ltr'>a</span> <span class='ocrx_word' id='word_1_574' title='bbox 1485 2646 1536 2689; x_wconf 85' lang='lat' dir='ltr'>(a.</span> 
     </span>
     <span class='ocr_line' id='line_1_51' title="bbox 69 2685 1540 2735; baseline 0.003 -15"><span class='ocrx_word' id='word_1_575' title='bbox 69 2691 93 2721; x_wconf 83' lang='lat'>1.</span> <span class='ocrx_word' id='word_1_576' title='bbox 116 2685 211 2732; x_wconf 79' lang='lat' dir='ltr'>om.)</span> <span class='ocrx_word' id='word_1_577' title='bbox 241 2688 376 2722; x_wconf 84' lang='lat' dir='ltr'>Latinis</span> <span class='ocrx_word' id='word_1_578' title='bbox 408 2689 533 2735; x_wconf 87' lang='lat' dir='ltr'>exiget</span> <span class='ocrx_word' id='word_1_579' title='bbox 566 2690 664 2723; x_wconf 84' lang='lat' dir='ltr'>illam</span> <span class='ocrx_word' id='word_1_580' title='bbox 688 2691 833 2735; x_wconf 84' lang='lat' dir='ltr'>gratiam</span> <span class='ocrx_word' id='word_1_581' title='bbox 855 2690 1029 2724; x_wconf 84' lang='lat' dir='ltr'>sermonis</span> <span class='ocrx_word' id='word_1_582' title='bbox 1052 2690 1162 2724; x_wconf 73' lang='lat' dir='ltr'>Attici</span> <span class='ocrx_word' id='word_1_583' title='bbox 1186 2693 1243 2733; x_wconf 82' lang='lat'>12,</span> <span class='ocrx_word' id='word_1_584' title='bbox 1267 2693 1323 2731; x_wconf 88' lang='grc'>10,</span> <span class='ocrx_word' id='word_1_585' title='bbox 1346 2693 1392 2726; x_wconf 89' lang='grc'>35</span> <span class='ocrx_word' id='word_1_586' title='bbox 1418 2692 1467 2725; x_wconf 86' lang='grc' dir='ltr'>Ν.</span> <span class='ocrx_word' id='word_1_587' title='bbox 1492 2704 1540 2725; x_wconf 82' lang='grc' dir='ltr'>σν.</span> 
     </span>
     <span class='ocr_line' id='line_1_52' title="bbox 69 2732 1542 2784; baseline 0.003 -18"><span class='ocrx_word' id='word_1_588' title='bbox 69 2732 312 2776; x_wconf 75' lang='lat' dir='ltr'>jusjurandum</span> <span class='ocrx_word' id='word_1_589' title='bbox 345 2735 399 2768; x_wconf 84' lang='lat' dir='ltr'>ab</span> <span class='ocrx_word' id='word_1_590' title='bbox 431 2735 635 2770; x_wconf 79' lang='lat' dir='ltr'>adversario</span> <span class='ocrx_word' id='word_1_591' title='bbox 659 2735 810 2783; x_wconf 79' lang='lat' dir='ltr'>exigunt</span> <span class='ocrx_word' id='word_1_592' title='bbox 843 2738 885 2778; x_wconf 88' lang='lat'>5,</span> <span class='ocrx_word' id='word_1_593' title='bbox 916 2737 963 2777; x_wconf 89' lang='grc'>6,</span> <span class='ocrx_word' id='word_1_594' title='bbox 995 2738 1029 2770; x_wconf 90' lang='grc'>1.</span> <span class='ocrx_word' id='word_1_595' title='bbox 1063 2747 1085 2769; x_wconf 80' lang='lat' dir='ltr'>a</span> <span class='ocrx_word' id='word_1_596' title='bbox 1113 2735 1348 2782; x_wconf 80' lang='lat' dir='ltr'>grammaticis</span> <span class='ocrx_word' id='word_1_597' title='bbox 1384 2736 1542 2784; x_wconf 80' lang='lat' dir='ltr'>exigitur</span> 
     </span>
     <span class='ocr_line' id='line_1_53' title="bbox 67 2779 1541 2827; baseline 0.003 -14"><span class='ocrx_word' id='word_1_598' title='bbox 67 2781 256 2823; x_wconf 71' lang='lat' dir='ltr'>poetarum</span> <span class='ocrx_word' id='word_1_599' title='bbox 285 2779 442 2816; x_wconf 78' lang='lat' dir='ltr'>narratio</span> <span class='ocrx_word' id='word_1_600' title='bbox 474 2783 520 2825; x_wconf 87' lang='grc'>2,</span> <span class='ocrx_word' id='word_1_601' title='bbox 543 2783 587 2826; x_wconf 89' lang='grc'>5,</span> <span class='ocrx_word' id='word_1_602' title='bbox 611 2785 644 2816; x_wconf 92' lang='grc'>1.</span> <span class='ocrx_word' id='word_1_603' title='bbox 680 2783 731 2816; x_wconf 83' lang='lat' dir='ltr'>ab</span> <span class='ocrx_word' id='word_1_604' title='bbox 764 2792 874 2827; x_wconf 88' lang='lat' dir='ltr'>opere</span> <span class='ocrx_word' id='word_1_605' title='bbox 899 2781 1137 2827; x_wconf 84' lang='lat' dir='ltr'>pulcherrimo</span> <span class='ocrx_word' id='word_1_606' title='bbox 1160 2783 1254 2817; x_wconf 82' lang='lat' dir='ltr'>hanc</span> <span class='ocrx_word' id='word_1_607' title='bbox 1275 2781 1448 2817; x_wconf 83' lang='lat' dir='ltr'>minorem</span> <span class='ocrx_word' id='word_1_608' title='bbox 1474 2793 1541 2818; x_wconf 74' lang='lat' dir='ltr'>ex·</span> 
     </span>
    </p>
   </div>
  </div>
 </body>
</html>
