1742 2964
192 172 275 211 966
719 182 876 218 Vitam·
906 213 959 217 ⁷*
989 190 1078 219 ven:
1084 206 1182 222 .....
1241 179 1243 181 ’

240 282 294 322 14,
326 283 377 315 13.
407 285 468 324 12,
492 285 535 323 2,
556 284 615 315 31.
640 283 746 325 paulo
773 282 955 317 liberalior
979 295 1014 318 v.
1045 284 1079 326 5,
1107 285 1162 325 13,
1186 275 1242 317 26.
1270 293 1306 318 v.
1328 282 1532 329 longior-”10
1570 302 1587 332 1
1633 307 1647 336 l
1683 309 1694 315 -

237 327 282 369 cf.
314 330 370 368 12,
395 329 450 370 11,
477 329 534 361 20.
559 328 739 362 rusticane
760 340 798 363 v.
823 340 867 362 an
890 329 1025 362 urbana
1044 328 1168 372 potior
1190 331 1224 372 2,
1248 327 1284 372 4,
1306 327 1363 362 24.
1386 321 1602 378 εοΙίῒειΡῖ-θζ
1658 309 1706 384 {³²

235 373 429 407 umbratica
454 385 492 408 v.
526 375 541 406 1
558 399 569 417 ,
593 377 635 417 2,
662 376 718 408 18.
765 378 817 420 β)
850 376 1039 408 Nominat„-
1063 374 1187 421 ignes,
1212 385 1341 419 aquas,
1370 374 1448 414 sine
1466 372 1583 425 quilii,
1609 359 1709 431 {esst

237 420 282 453 sit
302 431 340 454 v.
356 422 392 461 2,
419 420 472 462 16,
497 419 531 453 6.
556 419 632 453 sine
656 421 819 454 thalamis
842 421 952 455 vitam
978 432 1051 455 non
1074 421 1258 454 hominum
1282 419 1345 455 sed
1362 422 1531 456 ferarunr-
1545 422 1609 465 935
1636 408 1706 478 ¹{54⁸¹

236 477 318 499 cum
349 465 455 499 etiam
478 477 515 501 v.
538 466 708 500 universa
738 466 890 500 ironiam
924 468 1055 501 habere
1090 467 1255 501 videatur
1287 469 1331 501 ib.
1355 466 1413 502 46.
1446 473 1488 500 πῑ
1508 466 1638 503 orator.
1695 469 1704 480 ⁸

236 523 315 545 cum
340 511 487 546 scientia
521 512 722 546 divinarum
757 514 1060 558 humanarumque
1088 525 1207 548 rerum
1235 513 1280 547 sit
1312 514 1507 558 conjuncta·
1528 514 1581 554 122
1615 501 1723 558 2:⁴1*

234 557 419 591 materiam
443 559 519 601 ejus
546 558 755 601 (rhetorices)
777 565 886 593 totam
914 571 950 594 v.
977 563 1010 602 2,
1035 562 1092 601 21,
1120 562 1152 593 3.
1202 558 1238 603 y)
1264 561 1370 594 Genii.
1386 573 1396 593 .-
1420 559 1458 592 in
1482 565 1561 594 cete
1634 561 1713 597 acti-

236 604 303 637 bus
327 603 423 638 vitae
446 607 511 647 11,
539 608 579 647 1,
603 603 659 639 47.
685 605 764 639 finis
789 617 825 639 v.
851 605 946 639 utilis
973 608 1017 647 2,
1043 608 1099 646 17,
1126 605 1184 639 41.
1220 604 1265 646 qs.
1293 607 1346 647 12,
1372 608 1405 646 1,
1436 606 1491 640 15.
1510 600 1656 649 Qunam
1682 620 1717 645 v,

234 649 426 695 imaginem
451 653 514 692 10,
541 653 580 692 1,
607 652 662 684 69.
689 653 734 684 de
757 651 991 686 incommodis
1019 663 1052 686 v.
1079 654 1120 694 5,
1147 654 1210 694 11,
1235 652 1290 686 38.
1317 651 1489 686 institutio
1517 661 1556 685 v.
1584 653 1639 691 12,
1663 656 1714 695 11,

237 698 293 729 12.
318 707 355 731 v.
382 697 457 729 laus
481 699 521 738 2,
547 699 612 738 15,
636 700 670 730 2.
698 701 758 739 12,
785 701 823 738 2,-
847 701 902 732 27.
928 709 966 732 v.
992 699 1089 744 leges
1113 698 1174 732 Pr.
1206 696 1260 731 14.
1285 696 1327 740 5,
1353 699 1418 738 ’11,
1447 698 1504 732 39.
1533 696 1719 741 prioris-y.

236 741 486 776 necessitatem
513 745 568 785 11,
595 747 627 785 1,
652 745 708 777 83.
737 754 846 788 opera
867 755 904 777 v.
932 745 975 784 8,
1003 746 1046 786 3,
1071 746 1129 778 71.
1162 754 1199 778 v.
1228 749 1415 788 praecepta
1438 746 1479 786 2,
1509 743 1654 787 16,11o.
1680 744 1724 784 qs.

237 791 294 830 12,
320 791 376 830 11,
403 788 436 822 4.
462 788 577 822 omnis
600 801 637 824 v.
664 789 755 823 ratio
782 793 849 831 10,
874 793 918 831 2,
945 792 978 824 2.
1003 789 1047 830 cs.
1077 793 1141 832 12,
1166 793 1202 832 7,
1229 792 1260 823 1.
1291 801 1329 824 v.
1353 794 1450 823 secta
1475 791 1536 830 12,
1561 791 1597 832 2,
1623 784 1658 824 6.
1685 801 1724 824 v.

235 834 389 877 spatium
415 837 446 876 1,
471 836 506 877 8,
535 838 587 869 12.
613 834 659 876 cs.
690 838 745 878 12,
771 839 805 879 2,
830 838 885 870 31.
912 847 949 870 v.
971 835 1059 870 vitia
1083 838 1139 878 11,
1163 838 1196 878 3,
1219 836 1266 870 60
1287 837 1335 870 N.
1383 831 1590 876 «tymeus..-
1614 835 1727 871 vitam

237 880 379 914 abstulit
402 881 437 923 9,
462 884 496 923 2,
526 883 602 916 105.
627 887 751 924 mater,
781 893 872 926 quae
896 881 982 915 mihi
1012 882 1066 915 bis
1090 883 1171 916 eod.
1199 881 1256 916 die
1277 892 1314 916 v.
1340 881 1438 915 dedit
1457 882 1580 927 Asin.
1606 883 1650 915 izv.
1667 883 1725 916 34.

193 967 196 969 ,
234 937 274 961 v.
299 926 427 961 vivere
453 929 515 969 12,
541 931 585 970 7,
612 930 645 962 3.
671 928 700 961 si
727 927 811 972 quid
836 928 874 961 in
900 929 976 972 ejus
1000 928 1111 963 vitam
1134 927 1203 962 dici
1226 927 1358 972 poterit
1381 928 1423 970 5,
1445 930 1483 969 7,
1507 927 1576 962 2&
1592 938 1634 962 ea
1657 927 1734 970 vis,

238 983 329 1016 quae
354 973 397 1005 ad
425 983 604 1015 corpus
630 980 791 1007 nostrum
813 974 1040 1019 vitamque
1063 976 1230 1018 pervenit
1258 976 1342 1009 Cic.
1369 976 1404 1016 7,
1425 974 1459 1015 3,
1485 973 1541 1006 1-7.
1567 973 1614 1006 ad
1637 984 1728 1018 quo-

237 1030 317 1051 rum
342 1019 685 1054 condicionem
708 1020 930 1064 vitamque
948 1021 1124 1064 aptanda,
1149 1031 1241 1064 quae
1265 1019 1494 1065 dicebantur,
1521 1019 1727 1066 fuerumss,

236 1065 283 1106 8,
308 1066 364 1098 50.
425 1066 465 1107 ε)
489 1068 628 1099 Ablat..·
666 1066 696 1100 si
723 1072 796 1100 tota
823 1067 898 1101 vita
927 1073 982 1101 est
1011 1066 1245 1100 laborandum
1278 1067 1322 1109 8,
1346 1064 1405 1099 Pr.
1429 1064 1487 1100 26.
1524 1065 1727 1108 auctoritas,

236 1122 343 1154 quam
365 1111 495 1145 mereri
521 1113 689 1146 debemus
713 1118 795 1146 ante
819 1113 939 1147 omnia
962 1113 1105 1157 quidem
1126 1112 1202 1147 vita
1224 1110 1257 1152 4,
1282 1115 1318 1155 2,
1347 1110 1426 1146 125.
1450 1122 1487 1146 v.
1513 1121 1552 1145 se
1574 1111 1730 1146 tuebitur

238 1157 285 1199 5,
311 1158 355 1199 6,
389 1159 423 1190 2.
455 1158 578 1192 maluit
604 1176 647 1183 —
673 1160 767 1203 quod
795 1165 997 1203 superesset
1029 1170 1078 1193 ex
1113 1157 1192 1194 vita‘
1224 1157 1291 1193 sibi
1322 1157 1460 1202 perire,
1495 1166 1599 1201 qnam
1633 1159 1729 1202 quod

236 1201 465 1245 praeterisset
491 1206 547 1246 11,
573 1207 604 1247 1,
631 1207 696 1247 10,
734 1205 824 1239 sicut
847 1204 884 1238 in
910 1205 1014 1240 vit-a
1041 1205 1078 1239 in
1105 1204 1266 1238 causis
1289 1213 1431 1248 quoque
1453 1205 1516 1246 12,
1541 1205 1576 1246 1,
1602 1205 1657 1239 13.
1682 1203 1728 1244 qs.

237 1249 278 1290 6,
304 1249 349 1290 5,
375 1251 431 1282 11.
462 1253 504 1292 7,
530 1249 574 1293 4,
601 1252 655 1286 18.
695 1263 740 1284 an
764 1263 889 1294 parum
916 1251 953 1284 in
983 1263 1019 1286 v.
1050 1249 1228 1297 dignitatis
1260 1251 1463 1284 habuerunt
1489 1251 1729 1292 12‚,11‚·28.

237 1293 273 1338 ζ)
297 1297 414 1373 ζέω-,ε
441 1296 562 1338 plnres
586 1297 709 1340 quasd.
742 1298 836 1332 vitas
858 1298 903 1330 ad
926 1298 1027 1340 plura
1055 1297 1224 1331 discenda
1249 1295 1490 1330 desideremus
1515 1297 1572 1338 12,
1597 1298 1651 1336 11,
1672 1298 1730 1330 20.

239 1352 272 1373 υ.
349 1350 438 1373 ors.

195 1395 366 1488 Vi5talli2s·
385 1396 466 1487 2i211e
478 1434 489 1452 ‚
517 1419 623 1453 quem
646 1407 882 1453 instituimus,
906 1409 1117 1444 adolescens
1133 1425 1179 1433 —-
1192 1407 1305 1444 ferire
1325 1406 1448 1444 vitalia
1469 1418 1518 1442 ac
1529 1406 1623 1445 tueri
1643 1401 1732 1443 sciat

265 1480 274 1496 2
351 1479 360 1497 ί
434 1479 442 1487 “

199 1510 328 1552 Vites·
368 1532 499 1568 graves
515 1522 634 1555 frnctn
657 1521 751 1558 vites
773 1523 808 1565 8,
834 1524 867 1565 3,
891 1523 926 1556 8.
953 1533 990 1557 v.
1014 1521 1198 1555 arboribus
1221 1519 1410 1569 applicitae
1431 1523 1464 1564 1,
1487 1524 1524 1565 2,
1547 1522 1607 1556 26.
1631 1531 1742 1574 gem-2

237 1579 334 1602 mam
356 1567 395 1601 in
415 1568 548 1603 vitibus
568 1570 603 1610 8,
622 1569 656 1611 6,
676 1568 698 1602 6
713 1569 758 1602 Ν.
787 1579 850 1602 cur
871 1568 965 1603 vites
989 1570 1199 1602 coercemus
1218 1567 1451 1613 1113111ιῖ,οω
1473 1578 1535 1606 ees
1552 1568 1742 1606 fodimus?¹

239 1615 275 1658 9,
299 1613 336 1657 4,
361 1614 395 1649 5.
419 1613 542 1647 rustici
567 1614 748 1658 proximas
772 1614 857 1650 vitis
880 1613 1020 1648 radices
1043 1618 1225 1658 amputant
1250 1615 1306 1656 10,
1331 1615 1366 1657 7,
1387 1613 1446 1648 28.
1507 1607 1511 1620 ⁶
1603 1619 1606 1622 '
1730 1636 1742 1662 ‘t

203 1679 335 1722 Vitio·
377 1700 510 1738 raptam
534 1693 750 1740 interrogat,
775 1705 795 1727 a
819 1704 892 1737 quo
915 1692 1040 1729 vitiata
1064 1692 1110 1727 sit
1133 1693 1169 1735 9,
1191 1694 1228 1736 2,
1251 1694 1311 1727 70.
1368 1722 1372 1725 ,

199 1758 384 1802 vitiose·
428 1785 465 1809 v.
491 1772 588 1807 idem
616 1774 630 1816 (
639 1771 772 1816 gestus)
802 1773 982 1807 sinistrum
1014 1771 1115 1817 quasi
1140 1772 1328 1805 humerum
1348 1775 1475 1815 petens
1497 1770 1535 1805 in
1558 1763 1742 1816 latus'agif

242 1819 336 1852 solet
362 1821 415 1858 11,
440 1822 474 1862 3,
499 1821 556 1854 93.
582 1830 646 1864 per
670 1820 921 1863 aspirationem
947 1820 1025 1854 sive
1053 1817 1216 1862 adjicitur
1238 1828 1296 1859 v.,
1323 1816 1402 1851 sive
1427 1816 1620 1864 detrahitur
1645 1817 1676 1859 1⁷,
1699 1815 1739 1852 5'

243 1865 298 1898 19.
329 1864 389 1898 illa
412 1865 523 1912 magis
547 1878 584 1900 v.
612 1865 776 1900 dicuntur
800 1867 841 1908 5,
869 1869 910 1900 13
925 1893 934 1906 ,
959 1865 1016 1900 34.
1044 1864 1089 1906 cs.
1121 1868 1136 1897 1
1151 1889 1162 1907 ‚
1187 1866 1230 1906 5,
1253 1862 1288 1897 6.
1312 1873 1350 1897 v.
1377 1863 1545 1911 facimus,
1571 1864 1666 1908 qnod

243 1910 376 1943 utimur
402 1909 443 1953 4,
476 1915 517 1950 1,
545 1914 577 1946 3.
603 1922 698 1955 non,
733 1913 763 1945 si
791 1911 876 1956 quid
899 1911 1077 1947 vitiose
1098 1909 1219 1956 multis
1240 1908 1430 1952 insederit,
1465 1918 1549 1953 pro
1571 1921 1618 1944 re
1630 1909 1724 1956 gul

243 1957 418 1991 sermonis
443 1957 689 2002 accipiendum
717 1957 783 1992 erit
812 1961 853 2001 1,
877 1959 923 1998 6,
946 1957 1003 1992 44.
1027 1959 1069 1992 v)
1089 1955 1188 2001 loqui
1210 1957 1255 1989 ib.
1280 1956 1316 1990 7.
1625 1985 1630 1988 .
1671 1959 1676 1962 '

208 2010 406 2054 VitiOSUS·
449 2024 492 2068 α)
515 2029 726 2070 simpliciter.-
757 2027 827 2060 hoc
856 2025 969 2071 magis
997 2024 1161 2060 minusve
1187 2022 1361 2059 vitiosum*
1391 2027 1446 2056 est
1472 2032 1542 2067 pro
1571 2033 1703 2066 person

245 2070 437 2105 dicentium
458 2075 515 2114 11,
538 2076 569 2114 1,
590 2075 648 2106 27.
678 2072 722 2113 cs.
745 2075 799 2114 11,
823 2075 860 2114 2,
885 2070 942 2107 45.
968 2071 1137 2107 vitiosum
1165 2069 1209 2103 id'
1225 2067 1362 2103 faciunt
1378 2071 1434 2110 11,
1452 2070 1486 2110 3,
1506 2071 1563 2106 20,
1588 2069 1678 2104 adeo

245 2116 416 2150 vitiosum
442 2119 592 2152 habetur
627 2121 670 2152 ib.
696 2121 775 2152 112.
810 2117 855 2159 cs.
881 2121 959 2153 171.
997 2130 1029 2150 v.
1053 2119 1231 2150 Rectus.
1267 2115 1364 2159 quod
1389 2119 1444 2148 est
1465 2113 1713 2151 vitiosissima

246 2164 280 2204 3,
307 2163 341 2205 6,
368 2166 408 2204 7;
436 2165 630 2207 quaedam,
658 2175 747 2208 quae
775 2163 914 2211 singnia
940 2164 1067 2208 procul
1094 2161 1203 2196 dubio
1229 2161 1360 2196 vitiosa
1383 2166 1496 2204 sunt„
1509 2162 1632 2205 junctu
1677 2161 1703 2191 '.

245 2210 527 2251 reprehensione
552 2210 717 2244 dicuntur
738 2213 770 2252 1,
797 2211 830 2253 5,
857 2209 913 2243 14.
943 2222 1030 2255 quae
1052 2212 1114 2242 sint
1137 2207 1267 2243 vitiosa
1290 2205 1426 2253 dicturis
1453 2209 1509 2248 11,
1533 2208 1567 2248 3,
1591 2206 1672 2243 160.
1708 2222 1713 2237 a

246 2255 381 2300 magnis
407 2267 549 2300 quoque
578 2256 780 2290 auctoribus
804 2255 965 2290 incidunt
989 2255 1106 2300 aliqua
1128 2254 1193 2289 vit.
1219 2255 1282 2294 10,
1305 2255 1340 2291 2,
1368 2252 1424 2287 15.
1455 2251 1580 2297 imper'
1599 2252 1628 2287 's
1659 2265 1682 2297 p
1704 2268 1706 2281 ε

247 2312 329 2334 cere
348 2302 553 2345 aliquando,
579 2314 669 2346 quae
689 2314 726 2337 v.
753 2308 834 2336 sunt
858 2304 911 2342 12,
937 2304 993 2343 10,
1018 2303 1073 2336 51.
1098 2299 1143 2341 cf.
1173 2301 1228 2343 10,
1258 2302 1291 2340 1,
1318 2298 1374 2332 18.
1397 2299 1560 2342 probabit
1600 2303 1697 2332 ortm-
1738 2333 1739 2339 ¹

246 2346 377 2381 vitiosa
405 2350 450 2390 2,
475 2350 518 2388 3,
548 2350 602 2382 11.
630 2354 712 2382 sunt
735 2348 796 2392 qui
821 2349 864 2381 ad
889 2347 1009 2382 omnia
1036 2346 1188 2389 scripta,
1218 2350 1388 2388 tanquam
1413 2344 1566 2386 vinium,
1588 2352 1644 2395 reg
1682 2360 1698 2375 J,
1737 2341 1740 2357 ’

249 2395 304 2435 10,
332 2392 368 2434 4,
393 2395 426 2427 3.
452 2395 579 2428 scala
607 2400 643 2428 et
667 2405 808 2437 scopa
828 2405 964 2428 —non
988 2393 1058 2427 alio
1082 2392 1212 2427 vitiosa
1238 2396 1342 2433 sunt,
1371 2397 1479 2435 quam
1499 2391 1598 2435 quoa
1614 2391 1701 2434 plu‘
1736 2413 1738 2416 -

246 2438 294 2472 lia
321 2439 545 2485 singulariter
569 2447 630 2473 etc.
660 2440 855 2474 efferuntur
883 2442 922 2481 1,
949 2440 990 2480 5,
1015 2439 1071 2474 16.
1130 2441 1170 2483 β)
1197 2451 1226 2471 c.
1255 2438 1394 2471 Subst..·.
1419 2435 1555 2472 vitiosa
1585 2442 1641 2479 est

246 2484 501 2519 circumversio
538 2488 604 2529 11,
632 2488 676 2529 3,
702 2486 780 2521 105.
817 2485 919 2530 copia
940 2486 1086 2519 modum
1109 2494 1252 2530 egressa
1285 2482 1351 2517 vit·
1384 2487 1439 2516 est
1461 2482 1578 2529 8,]16,
1599 2481 1666 2529 16.

249 2530 428 2565 distinctio
457 2535 521 2572 11,
544 2534 591 2574 3,
615 2533 671 2567 39.
706 2532 783 2567 vit.
815 2538 850 2566 et
880 2536 1151 2574 corruptum
1181 2530 1334 2564 dicendo
1361 2539 1474 2576 genus
1497 2526 1562 2571 12,
1589 2530 1657 2566 10,
1729 2567 1733 2582 Ι

248 2587 284 2609 v·
310 2576 458 2610 imitatio
482 2579 537 2619 11,
561 2579 595 2619 3,
619 2579 677 2613 91.
711 2577 756 2619 ο]“.
786 2579 863 2612 152.
897 2589 936 2613 v.
960 2575 1101 2620 jactatio
1129 2578 1185 2619 11,
1210 2578 1244 2618 1,
1270 2575 1325 2609 15.
1349 2577 1422 2621 12,,
1439 2575 1483 2616 9,
1509 2572 1545 2607 4.·
1572 2585 1608 2608 v.
1638 2574 1666 2617 1’

248 2621 346 2655 tione
370 2624 563 2657 verborum
588 2625 630 2666 9,
654 2622 696 2664 4,
720 2626 780 2658 32.
810 2635 848 2659 v.
874 2624 989 2657 oratio
1014 2625 1048 2665 1,
1071 2623 1106 2660 6,
1130 2621 1187 2655 41.
1215 2633 1254 2656 v.
1279 2621 1369 2654 ordo
1393 2620 1429 2661 9,
1449 2618 1485 2662 4,
1509 2619 1565 2653 32.
1589 2631 1627 2654 v.
1658 2636 1663 2649 =
1726 2634 1732 2670 4·

251 2667 379 2701 tentiae
401 2670 436 2711 8,
458 2671 493 2712 5,
517 2672 574 2703 20.
603 2681 640 2704 v.
661 2680 780 2703 sermo
805 2673 838 2711 1,
866 2675 897 2711 1,
921 2672 955 2703 3.
980 2667 1280 2715 transgressiones
1305 2678 1342 2702 v.
1361 2666 1396 2708 9,
1423 2664 1459 2708 4,
1487 2665 1543 2718 28.
1565 2674 1603 2700 v.
1624 2675 1665 2700 v
1724 2671 1727 2711 ,’

250 2712 292 2790 {-
318 2716 360 2779 ‹11’
388 2717 421 2745 2·
446 2716 489 2758 8,
517 2717 555 2757 3,
582 2715 647 2757 553
678 2714 739 2749 illa
762 2726 852 2751 vero
874 2714 1121 2758 vitiosissima,
1156 2724 1248 2758 quae
1271 2712 1340 2756 jam
1362 2712 1560 2745 hurmamtas
1585 2721 1633 2747 vo
1643 2729 1657 2740 r

282 2782 291 2799 ,
319 2780 362 2800 -,
395 2761 447 2791 10.
1682 2764 1685 2768 ·
