1728 3002
124 234 206 275 8⁷0
341 228 345 232 ’
845 230 949 273 Sum

171 345 468 391 praestantiorem
502 363 548 370 --
581 345 792 379 futurum
818 345 968 380 fuisse
996 349 1040 389 2,
1070 348 1133 390 17,
1164 347 1221 381 13.
1246 340 1320 381 cui
1347 358 1452 383 esse
1475 346 1666 393 diserto

169 398 275 429 vacet
301 395 356 431 11,
383 394 416 432 1,
445 391 510 433 503
537 396 572 424 et
596 391 704 425 homo
730 393 1056 432 mortaleerat
1081 395 1130 434 (in
1148 394 1316 436 finitione)
1341 396 1377 436 7,
1401 395 1436 438 3,
1455 396 1491 429 3.
1537 388 1573 436 b)
1599 406 1667 429 nec

170 445 240 474 est:
267 436 439 471 orationis
463 447 552 471 vera
579 438 677 480 laus,
702 438 772 477 nisi
799 450 880 473 curn
902 438 1002 472 finita
1026 444 1080 473 est
1105 442 1168 483 12,
1189 441 1236 483 9,
1258 439 1293 474 4.
1315 438 1360 482 ql:
1383 439 1427 483 9,
1454 439 1496 484 4,
1523 441 1582 480 86,
1609 443 1667 484 10,
1707 468 1714 469 ff

173 488 217 528 1,
243 485 322 518 115.
353 494 428 517 non
451 483 547 517 fuit
574 484 645 518 hoc
668 484 756 519 utile
783 485 1024 530 persuasioni,
1051 486 1138 529 sed,
1164 487 1260 530 quod
1288 491 1342 520 est
1363 487 1497 532 majus,
1529 486 1668 531 homini

152 530 266 566 -fuit
292 533 354 573 11,
381 533 420 573 1,
447 532 501 565 11.
529 540 601 563 non
625 530 741 565 minus
768 534 916 574 otarum,
941 543 1074 576 quam
1100 536 1170 565 est
1197 532 1236 566 in
1260 529 1566 577 accusationibus,
1591 533 1670 568 elo-

171 577 338 622 quentiae
362 577 482 610 lumen
508 579 549 617 3,
577 578 615 614 8,
643 578 701 611 65.
727 582 766 611 ut
791 584 826 612 et
853 578 1000 611 amictus
1031 578 1095 611 sit
1125 578 1284 623 (Copula
1306 582 1404 613 simul
1428 587 1460 613 et
1486 582 1670 614 Praedica-

171 623 255 666 tum)
279 623 477 664 decentior,
506 628 540 656 et
565 622 727 667 protinus
754 625 889 669 aliquid
908 625 1012 668 spatii
1032 626 1075 658 ad
1097 623 1325 672 cogitandum
1344 627 1401 668 11,
1419 627 1454 669 3,
1474 626 1554 661 156.
1569 627 1678 660 ‘duae'

171 668 298 703 natura
322 671 452 705 breves
477 668 655 712 positione
685 677 766 704 sunt
793 672 841 714 (j.
862 683 896 716 ‹1-
918 669 1034 715 fiuni)
1061 676 1262 716 temporum
1286 677 1455 717 quattuor
1477 673 1521 715 9,
1545 670 1590 716 4,
1613 672 1672 708 86.

171 727 246 750 non
270 716 388 750 minor
409 715 503 750 erit
527 726 664 758 eorum,
689 716 752 761 qui
773 717 916 760 vivunt,
941 717 1056 764 gloria
1077 720 1111 760 9,
1136 720 1171 761 3,
1195 719 1252 753 89.
1280 718 1341 752 Sic
1367 723 1510 752 erunt
1531 718 1671 765 magna,

171 773 246 796 non
276 761 402 805 nimia,
428 761 613 805 sublimia,
638 773 711 796 non
736 765 887 808 abrupta
912 771 973 798 etc.
1002 767 1065 808 12,
1093 767 1160 806 10,
1185 765 1243 799 80.
1275 763 1321 806 ff.
1345 765 1387 806 9,
1410 767 1452 806 2,
1479 766 1512 798 3.
1541 771 1672 809 quanta

173 809 234 842 sit
258 810 420 842 futura
447 814 637 855 tempestas
660 810 696 852 8,
719 809 754 853 4,
782 812 836 845 18.
864 809 909 852 cf.
938 811 983 851 4,
1008 813 1053 854 2,
1079 813 1156 844 120.
1182 813 1248 853 11,
1275 813 1319 853 1,
1348 811 1405 845 75.
1433 815 1473 844 ut
1501 820 1573 845 non
1596 811 1672 845 cla-

171 855 248 889 rior
273 856 293 889 f
298 861 437 888 utura
459 855 505 888 su
520 855 610 889 erit
633 857 873 900 spectantibus
898 855 1040 900 (facies)
1065 858 1108 900 8,
1133 858 1174 900 3,
1197 857 1254 891 63.
1278 857 1350 891 hoc
1376 856 1674 891 orationem'ma-

173 901 227 948 gis
252 902 452 935 deformem
476 902 583 936 fore
606 902 649 944 9,
674 902 715 944 4,
748 903 800 938 15.
848 903 892 944 c)
917 908 956 937 ut
980 914 1024 937 eo
1050 903 1096 938 sit
1120 902 1342 946 credibilius,
1374 903 1436 937 illa
1464 904 1507 937 ab
1531 909 1674 938 oratore

173 959 247 982 non
263 949 343 982 ficta
365 950 400 988 6,
420 950 454 990 3,
468 946 502 981 4.
523 948 639 982 minus
661 954 726 993 est,
751 954 866 983 totum
886 949 1025 993 dicei-e,
1045 956 1150 994 quam
1173 948 1293 984 omnia
1308 950 1342 992 8,
1361 951 1395 992 3,
1411 950 1468 985 69.
1493 950 1566 984 hoc
1585 956 1673 984 sane

172 993 499 1038 frequentissimum
526 1000 581 1028 est
603 994 640 1037 4,
659 998 693 1039 2,
722 997 799 1030 130.
826 997 921 1040 qnod
948 1006 1068 1030 rarum
1093 1006 1173 1030 esse
1197 995 1304 1030 debet
1325 995 1362 1039 4,
1390 997 1425 1039 5,
1448 994 1483 1031 7.
1505 995 1544 1030 in
1566 997 1674 1031 rebus

172 1041 304 1084 apertis
332 1041 571 1087 argumentari
595 1047 665 1075 tam
691 1042 736 1076 sit
759 1044 916 1086 stultum,
944 1054 1049 1087 quam
1073 1050 1135 1076 hic.
1162 1043 1195 1085 5,
1221 1044 1279 1085 12,
1303 1043 1336 1079 8.
1385 1041 1426 1085 d)
1451 1045 1485 1075 in
1506 1045 1673 1077 transitu.-

172 1088 251 1120 Est
277 1086 368 1129 alia,
399 1098 470 1122 non
506 1087 650 1131 quidem
673 1089 878 1133 reticentia,
914 1091 977 1124 sed
1013 1095 1133 1123 tamen
1165 1088 1326 1132 praecisa
1360 1093 1452 1131 ante*¹
1476 1088 1675 1134 legitimum

172 1133 280 1167 finem
305 1133 419 1167 oratio
444 1135 486 1176 9,
512 1137 553 1177 2,
578 1137 634 1169 57.
662 1134 706 1176 cs.
734 1138 791 1178 11,
816 1137 849 1178 3,
876 1137 954 1172 169.
988 1136 1067 1169 Est
1097 1139 1142 1168 et
1165 1136 1262 1168 nuda
1283 1132 1483 1182 propositio
1500 1147 1567 1177 —3
1603 1140 1676 1169 est

172 1179 312 1214 ratione
344 1180 505 1223 subjecta
532 1181 573 1223 4,
597 1179 639 1224 4,
669 1181 702 1215 8.
746 1182 860 1219 Sunt
892 1189 935 1217 et
961 1182 1044 1216 illae
1071 1192 1185 1225 paene
1207 1185 1304 1215 totae
1329 1180 1373 1215 ad
1403 1178 1677 1216 deliberativum

172 1236 286 1272 genus
310 1226 625 1269 pertinentes
650 1230 684 1270 2,
713 1227 749 1271 4,
778 1230 835 1270 25..
862 1228 906 1270 cfi
930 1231 965 1272 8,
991 1231 1024 1270 3,
1049 1229 1106 1263 81.
1129 1227 1173 1270 9,
1201 1229 1244 1270 3,
1270 1229 1328 1262 20.
1372 1227 1492 1262 Sunt
1512 1226 1678 1262 inornata

173 1277 219 1352 gt
237 1273 339 1352 5hfflicl
358 1273 405 1315 8,
432 1273 474 1311 3,
501 1273 558 1307 59.
595 1273 674 1308 Est
704 1274 824 1308 enim
848 1274 1032 1319 (historia)
1055 1273 1219 1319 proxima
1241 1272 1359 1318 poetis
1385 1275 1450 1317 10,
1475 1275 1517 1317 1,
1543 1272 1603 1309 31.
1631 1273 1678 1316 cs.

200 1343 210 1361 ‚
261 1343 271 1360 ,
346 1341 355 1350 .

220 1385 292 1428 III)
320 1386 554 1430 Conjunctivus
580 1394 638 1420 aut
663 1390 823 1430 Imperat.
858 1384 900 1429 α)
925 1386 971 1420 sit
993 1387 1115 1429 modo,
1138 1384 1235 1421 unde
1258 1385 1379 1421 excidi
1401 1385 1516 1430 possit
1535 1387 1574 1430 2,
1589 1385 1626 1429 4,
1639 1389 1676 1422 7.

178 1431 268 1466 Nam
302 1432 381 1476 quis
415 1432 483 1466 erit
513 1432 572 1466 hic
609 1432 748 1466 Atticus
761 1433 777 1466 '2
816 1432 861 1467 sit
891 1432 1041 1477 Lysiast
1075 1433 1172 1467 hunc
1206 1432 1302 1467 enim
1333 1431 1593 1476 amplectuntur
1615 1440 1677 1468 eto.
1703 1453 1707 1455 -

177 1480 243 1521 12,
269 1479 338 1520 10,
366 1481 424 1512 21.
476 1478 549 1512 Sit
573 1478 839 1513 incommodum
863 1496 906 1503 —-
930 1490 1020 1512 mox
1046 1478 1137 1512 illud
1173 1478 1457 1523 comparabimus
1481 1479 1680 1515 commodis

177 1526 210 1566 1,
238 1527 273 1566 2,
301 1526 354 1559 15.
386 1525 589 1559 intellectus
614 1524 673 1559 hic
699 1525 743 1559 sit
768 1524 888 1569 operis
910 1535 984 1558 non
1007 1531 1122 1558 metus
1152 1526 1208 1567 12,
1235 1527 1270 1567 5,
1293 1523 1327 1559 4.
1361 1525 1511 1568 pulcher
1534 1531 1683 1570 aspectu

176 1570 222 1604 sit
246 1571 378 1604 athleta
397 1571 553 1604 —idem
579 1571 765 1605 certamini
793 1570 949 1614 paratior
975 1571 1016 1613 8,
1045 1573 1088 1613 3,
1114 1573 1169 1604 10.
1192 1570 1238 1604 sit
1261 1569 1388 1615 aliquis
1412 1570 1598 1606 insidiatus
1620 1577 1682 1616 ¹ty-

175 1627 290 1650 ranno
323 1620 379 1659 12,
407 1619 440 1659 3,
466 1616 523 1651 40.
551 1617 596 1658 cs.
623 1620 681 1661 12,
710 1620 742 1660 1,
769 1620 823 1651 10.
864 1616 937 1651 Sit
962 1616 1079 1650 enim
1105 1616 1324 1652 accusatoris
1348 1616 1523 1660 intentio,
1549 1617 1682 1658 Homi-
1726 1628 1728 1632 ·

176 1674 260 1697 nem
289 1663 451 1697 occidisti
476 1665 511 1706 3,
538 1664 571 1705 6,
602 1666 657 1698 17.
684 1663 728 1704 cs.
753 1666 786 1706 1,
811 1663 847 1707 6,
874 1665 931 1698 32.
959 1663 1028 1698 Sit
1054 1673 1168 1710 ergo
1193 1662 1396 1707 aliquando,
1422 1664 1519 1708 quod
1541 1664 1683 1708 praeeat

178 1711 245 1751 10,
268 1706 314 1752 4,
344 1709 378 1743 4.
415 1709 460 1751 cs.
493 1713 559 1753 12,
586 1712 628 1752 1,
652 1712 682 1743 1.
712 1709 782 1743 Sit
805 1709 954 1756 igitur
978 1709 1110 1743 divisio
1138 1721 1259 1743 rerum
1284 1709 1437 1753 plurium
1461 1708 1500 1749 in
1523 1709 1681 1757 singulas
1721 1742 1728 1746 .

175 1758 220 1798 7,
252 1757 292 1797 1,
322 1759 352 1790 1.
396 1756 462 1790 Sit
495 1763 647 1790 autem
675 1755 816 1803 signum
841 1754 1098 1801 navigatio-ni&
1127 1761 1168 1788 ut
1191 1766 1324 1790 ancora
1349 1758 1415 1799 11,
1438 1758 1481 1799 2,
1507 1756 1564 1795 19.
1610 1755 1683 1792 sit

177 1807 332 1835 tamen
358 1802 486 1836 tradita
518 1808 553 1836 et
581 1801 706 1835 Latina
734 1803 918 1845 (gradatio)
943 1802 985 1844 9,
1012 1803 1052 1844 3,
1077 1801 1123 1835 56
1145 1803 1219 1845 Ν.,·
1249 1813 1329 1835 nam
1354 1813 1471 1846 neque
1495 1800 1681 1847 dispositio
1726 1811 1728 1847 j

178 1847 256 1882 sine
283 1859 342 1890 eo,
367 1859 485 1892 neque
515 1848 672 1882 elocutio
700 1847 859 1882 fuerit
885 1849 919 1891 3,
944 1850 978 1890 3,
1006 1847 1042 1882 6.
1068 1846 1114 1888 cf.
1140 1851 1205 1888 12,
1230 1851 1272 1890 1,
1294 1849 1350 1883 29.
1399 1850 1448 1892 β)
1475 1849 1538 1883 sed
1564 1854 1681 1892 esto,
1726 1883 1728 1888 ,

178 1894 399 1928 voluerit
427 1894 478 1938 (a.
509 1900 531 1927 l.
556 1894 689 1936 votuit)
718 1896 761 1936 9,
787 1897 830 1936 2,
853 1893 910 1929 84.
939 1894 1010 1928 Sed
1039 1899 1162 1936 esto,
1188 1905 1304 1937 neque
1328 1894 1601 1940 melius,dquod
1624 1893 1683 1928 in-

176 1940 356 1984 venimus,
385 1952 464 1975 esse
490 1941 536 1984 (a.
564 1945 585 1974 l.
613 1940 685 1983 sit),
712 1951 828 1984 neque
854 1951 935 1984 par:
959 1945 1015 1974 est
1041 1945 1137 1974 certe
1159 1940 1350 1984 proximus
1367 1941 1478 1975 ,locus
1503 1943 1559 1984 10,
1584 1940 1620 1985 5,
1645 1942 1682 1976 6.

183 1988 339 2021 exheres
368 1993 445 2021 esto
473 1988 508 2029 9,
533 1989 567 2029 2,
594 1985 650 2021 34.
682 1986 726 2028 cf.
753 1990 788 2029 7,
815 1987 851 2029 9,
875 1987 910 2022 9.
937 1988 994 2020 12.

225 2056 294 2096 IV)
333 2069 401 2100 seq.
441 2059 554 2089 Relat.
592 2053 637 2096 α)
671 2068 700 2088 c.
730 2057 901 2088 ludicen..-
938 2055 1018 2088 Est
1049 2058 1114 2096 et,
1146 2055 1270 2097 qnod
1301 2053 1500 2098 appellatur
1532 2065 1553 2088 a
1575 2051 1683 2088 novis
1721 2071 1728 2106 ‹¹

179 2097 303 2144 νόημα
330 2103 375 2144 8,
401 2102 442 2144 5,
471 2104 525 2134 12.
553 2100 596 2141 cs.
624 2102 665 2142 8,
692 2103 731 2143 3,
762 2101 817 2135 55.
865 2100 914 2134 At
947 2100 984 2134 id
1015 2099 1159 2144 quidem
1193 2105 1287 2142 est,
1323 2101 1684 2145 propterquod
1722 2131 1728 2138 „

179 2152 304 2191 tropus
332 2154 400 2181 est
425 2149 465 2190 8,
494 2148 533 2189 6,
562 2147 619 2181 66.
646 2147 798 2190 primum
824 2152 953 2189 sunt,
979 2157 1097 2191 qnae
1121 2145 1296 2189 imperitis
1321 2157 1464 2191 quoque
1490 2147 1684 2192 ad‘repre-
1715 2145 1718 2150 ’

179 2193 393 2227 hensionem
421 2193 590 2227 notabilia
618 2193 845 2227 videntur
871 2195 915 2235 9,
943 2193 986 2234 4,
1009 2194 1054 2226 33
1080 2193 1123 2225 Ν.
1147 2205 1194 2224 cr.
1218 2191 1372 2235 plurima
1395 2194 1529 2235 sunt,
1556 2200 1683 2241 'quae
1720 2213 1728 2226 „¹

180 2240 287 2273 rebus
312 2240 401 2273 nihil
430 2250 552 2273 secum
577 2239 851 2273 cohaerentibus
877 2238 1171 2272 inseruntur
1193 2239 1253 2279 (α.
1281 2242 1304 2271 l.
1329 2236 1556 2282 inserantur)
1579 2238 1623 2281 4,
1647 2241 1683 2282 3,

183 2287 227 2320 16
252 2287 299 2319 Ν.
323 2298 368 2320 cr.
397 2285 441 2327 cjl
468 2288 534 2327 10,
558 2287 603 2323 2.
629 2284 684 2322 14.
724 2286 838 2319 Sunt
865 2284 936 2328 qni
963 2284 1125 2329 spiritum
1147 2303 1194 2310 —
1216 2294 1290 2318 non
1314 2284 1588 2328 recipiunt,
1619 2286 1715 2319 sed*

183 2333 459 2366 resorbeat.
505 2332 620 2377 Sunt
643 2331 719 2375 qui
741 2351 786 2357 —
814 2331 1069 2364 imitentur
1091 2331 1247 2374 jumenta
1271 2341 1382 2365 onere
1408 2336 1446 2365 et
1470 2331 1686 2382 jugo⁴labo-·

183 2377 300 2411 rautia
325 2382 391 2421 11,
419 2380 462 2417 3,
489 2379 534 2412 55
555 2378 601 2410 Ν.
648 2378 691 2422 β)
721 2390 748 2411 ο.
779 2377 971 2420 Conjunct..·
1004 2376 1118 2411 Sunt
1146 2376 1225 2421 qui
1256 2376 1480 2422 Propertium
1513 2377 1685 2411 malint

185 2426 241 2464 10,
268 2427 299 2464 1,
323 2426 380 2459 93.
417 2423 461 2465 cf.
493 2426 525 2465 5,
557 2424 614 2466 13,
632 2425 696 2458 156.
729 2424 764 2466 9,
789 2426 823 2466 3,
850 2425 926 2457 100.
965 2424 1030 2465 12,
1058 2425 1119 2466 10,
1144 2423 1202 2458 49.
1247 2423 1361 2470 Sunt
1386 2422 1552 2468 quihus
1583 2434 1686 2477 μερι-

185 2467 268 2503 κοὺς
296 2467 485 2514 ἐπιλόγους
510 2474 688 2504 vocent
705 2469 749 2510 (a.
771 2473 793 2503 l.
814 2468 964 2508 vocant)
990 2469 1025 2510 6,
1053 2474 1084 2511 1,
1110 2469 1154 2503 55
1170 2470 1215 2502 Ν.
1238 2483 1284 2504 cr.
1314 2469 1359 2511 cs.
1385 2473 1420 2512 2,
1447 2470 1482 2513 1,
1507 2471 1550 2504 13
1570 2470 1618 2504 N.
1633 2481 1684 2503 cr.

187 2515 303 2548 Sunt
335 2517 504 2558 etiam,
545 2515 605 2560 qui
636 2516 726 2550 haec
746 2535 785 2541 —
807 2521 930 2559 tropos
964 2514 1123 2549 dicant
1154 2515 1250 2560 (Sp.
1277 2515 1424 2558 dicunt)
1447 2517 1491 2560 8,
1515 2516 1560 2556 6,
1582 2515 1686 2550 582.

189 2560 234 2592 N.
262 2574 308 2593 cr.
337 2561 381 2601 cs.
409 2565 474 2603 12,
501 2563 567 2604 10,
594 2562 637 2596 15
665 2563 709 2595 N.
735 2574 781 2595 cr.
826 2563 940 2596 Sunt
964 2567 1144 2604 autem,
1181 2561 1347 2606 quibus
1375 2561 1465 2596 nihil
1488 2561 1549 2596 sit
1577 2560 1682 2602 sntis;

188 2607 307 2639 omnia
331 2614 468 2641 mutare
490 2615 551 2642 etc.
581 2608 729 2641 velint
756 2610 819 2650 10,
843 2610 886 2650 3,
918 2609 974 2640 11.
1001 2613 1037 2641 et
1060 2608 1175 2642 adhuc
1202 2608 1313 2650 erit,
1339 2608 1417 2653 qui
1440 2607 1576 2652 putet
1604 2612 1685 2640 esse

185 2650 335 2696 figuram
358 2656 391 2693 9,
418 2656 451 2695 3,
476 2655 531 2687 87.
562 2653 771 2687 dicebantur
795 2653 902 2688 etiam
925 2664 1022 2687 nunc
1045 2664 1177 2697 esse,
1202 2654 1281 2698 qui
1305 2655 1465 2688 facerent
1485 2655 1541 2697 11,
1566 2655 1600 2695 2,
1626 2653 1687 2687 51.

188 2697 270 2730 Est
297 2699 418 2740 quod
442 2699 622 2742 principes
647 2701 842 2743 deceat,
865 2698 942 2734 aliis
967 2710 1041 2733 non
1066 2700 1369 2735 concesseris
1398 2703 1463 2742 11,
1489 2701 1530 2741 1,
1553 2698 1610 2734 36.
1637 2695 1684 2739 cf.

195 2741 250 2778 14.
271 2743 385 2775 Erat
412 2744 528 2787 enim,
554 2747 676 2788 quod
703 2753 856 2790 posset
879 2746 972 2780 inter
990 2745 1140 2780 ridicula
1162 2745 1342 2780 numerari
1361 2745 1396 2789 6,
1423 2744 1458 2789 3,
1485 2746 1564 2778 111.
1591 2755 1686 2779 sem-

191 2796 256 2833 per
280 2787 392 2830 erit,
418 2796 606 2833 propter
630 2793 750 2835 quod
778 2792 882 2827 nobis
906 2791 1213 2838 ignoscamus
1241 2795 1306 2835 10,
1332 2789 1374 2833 3,
1400 2793 1458 2827 29.
1488 2789 1532 2832 cf.
1559 2790 1602 2833 5,
1628 2791 1705 2839 13‚j

192 2836 248 2871 50.
293 2833 349 2868 Ao
381 2840 485 2868 sunt
521 2836 729 2879 quidam,
763 2838 839 2882 qui
867 2858 907 2865 -
933 2838 1096 2873 dicant
1118 2840 1160 2882 9,
1181 2841 1227 2882 -2,
1251 2839 1307 2873 31.
1334 2836 1383 2880 cs.
1411 2840 1474 2881 11,
1501 2840 1542 2880 1,
1566 2837 1611 2871 82
1638 2836 1685 2873 N.
