1728 3002
184 173 265 213 848
713 167 853 210 Sonus
881 191 938 200 --
966 166 1175 210 Sordidus

187 312 190 313 ν
226 286 312 321 bum
334 286 378 320 ib.
407 283 452 326 cs.
475 285 509 327 1,
530 282 564 326 5,
587 280 624 317 4.
650 284 708 326 10,
733 283 767 327 1,
790 282 846 318 16.
868 281 1023 328 pessime
1045 283 1175 329 longae
1196 282 1386 327 (vocales),
1417 291 1510 328 qnae
1531 281 1631 318 easd.
1654 280 1714 318 in-

227 338 284 366 ter
306 343 345 366 se
369 331 489 365 literas
510 328 755 372 committunt,
782 329 960 364 sonabunt
981 330 1018 373 9,
1042 327 1080 374 4,
1104 331 1162 365 33.
1528 343 1538 349 ·

183 377 340 419 Sonus·
389 387 420 421 si
443 386 538 421 dicat
561 385 662 431 quis,
690 396 799 420 sonus
834 391 888 421 est
918 387 1069 421 duorum
1096 385 1192 421 inter
1221 396 1261 421 se
1292 393 1483 431 corporum
1517 384 1713 429 conflictio,

229 439 344 477 erret,
367 439 408 467 ut
428 433 577 478 opinor3
613 441 687 466 non
713 432 809 466 enim
834 444 863 466 s.
881 437 937 467 est
954 433 1133 467 conflictio
1157 432 1220 467 sed
1245 441 1294 466 ex
1312 431 1544 466 conflictione
1566 433 1602 475 3,
1618 432 1656 475 6,
1676 431 1714 466 6.

228 481 271 525 α)
296 493 325 514 c.
350 479 456 518 Adi..·
482 491 510 513 ε.
539 478 651 522 acuti,
674 478 799 522 medii,
824 489 952 526 graves
974 481 1016 522 2,
1038 480 1084 522 8,
1109 478 1165 514 15.
1195 477 1239 520 cs.
1263 480 1305 521 1,
1329 479 1369 520 5,
1393 480 1451 512 30.
1475 479 1517 519 5,
1544 479 1609 520 10,
1633 478 1713 512 125.

230 530 294 568 11,
320 527 362 568 3,
390 525 448 560 64.
474 535 590 569 neque
623 524 853 572 gravissimus
883 525 923 558 in
945 524 1079 559 musica
1106 536 1132 559 s.
1161 534 1228 559 nec
1253 523 1475 558 acutissimus
1500 525 1542 558 11
1557 548 1569 566 ,
1591 524 1634 566 3,
1656 523 1715 557 41.

229 571 420 607 altissimos
450 582 480 605 s.
516 574 561 604 ib.
584 573 641 605 23.
676 582 799 615 parum
824 572 941 606 clarus
969 571 1183 616 nimiumque
1215 568 1341 615 plenus
1376 580 1404 604 s.
1437 571 1481 604 ib.
1505 567 1564 603 41.
1593 569 1715 603 'dulcis

230 629 305 652 non
334 619 556 662 exprobrans
580 628 608 651 s.
638 619 680 651 ib.
711 618 753 652 16
771 617 818 651 Ν.
844 617 1036 662 imparibus
1061 616 1238 661 spatiis
1269 627 1311 650 ac
1344 615 1480 650 sonis
1513 617 1560 649 ib.
1583 614 1642 650 43.
1671 615 1715 649 ab

228 664 310 699 imis
337 675 364 697 s.
389 665 432 697 ad
461 674 615 697 summos
648 665 692 697 ib.
719 666 776 698 22.
807 664 964 698 maximo
988 675 1068 698 cum
1091 674 1120 698 s,
1151 665 1214 706 10,
1238 665 1281 706 3,
1306 663 1363 697 30.
1400 673 1429 696 s.
1452 659 1658 708 peregrinus
1682 665 1717 703 1,

231 715 265 754 1,
293 712 346 744 13.
372 709 511 756 pinguis
536 719 564 743 8.
590 712 630 752 1,
658 712 693 753 7,
717 713 774 745 27.
799 709 940 754 plenior
965 709 1060 754 quid.
1089 720 1118 743 8.
1146 712 1186 751 1,
1213 711 1276 752 11,
1299 709 1334 743 6.
1358 707 1560 753 praetenuis
1586 713 1623 742 et
1647 706 1717 746 im-

229 756 391 791 modicae
423 754 590 790 claritatis
623 767 652 789 S.
687 758 726 790 11
745 782 755 798 ,
786 758 832 799 3,
865 755 923 790 41.
967 755 1102 800 proprii
1138 754 1279 800 quidam
1313 759 1350 800 et
1381 753 1636 788 inenarrabiles
1672 765 1717 797 s.,

232 803 359 848 quibus
389 813 641 846 nonnunquam
675 802 838 836 nationes
873 801 1167 846 deprehendimus
1198 803 1287 845 (Sp.
1311 798 1424 844 repr.)
1453 803 1493 843 1,
1527 801 1567 842 5,
1599 801 1644 835 33
1672 803 1717 834 Ζ.

230 854 331 884 recto
365 860 393 882 s.
419 851 484 891 11,
508 850 550 889 3,
581 848 648 882 168
676 849 723 883 Ν.
759 859 788 882 s·
811 848 1008 892 simplicem
1043 850 1086 886 ib,
1112 848 1256 882 mess.
1281 847 1467 880 sublimior
1494 848 1559 889 10,
1588 849 1633 888 1,
1657 846 1717 881 68.

229 894 268 940 β)
294 908 323 928 c.
352 897 485 930 Geniu:
513 893 667 928 citharae
693 906 723 928 s.
751 898 792 937 1,
819 897 883 938 10,
908 896 940 928 3.
966 907 994 929 s.
1018 905 1130 939 paene
1153 892 1340 937 puerilium
1363 891 1657 936 crepitaculorum
1681 892 1718 936 9,

230 941 267 986 4,
296 942 353 976 66.
380 952 408 974 s.
432 940 615 974 literarum
643 943 676 983 1,
701 939 736 983 4,
765 944 798 975 7.
830 943 863 984 1,
888 943 945 984 11,
967 941 1001 975 4.
1024 942 1059 983 9,
1083 939 1118 982 4,
1139 939 1198 974 40.
1229 940 1366 983 medius
1394 938 1491 983 quid.
1514 939 1546 972 U
1568 944 1604 972 et
1626 937 1649 971 J
1670 937 1718 972 li-

231 982 329 1021 {erae
351 998 380 1021 s.
409 990 439 1029 1,
465 986 500 1028 4,
525 988 558 1020 8.
588 996 782 1020 nervorum
806 998 835 1020 s.
861 988 905 1022 ib.
926 997 1141 1034 organorum
1168 997 1198 1020 s.
1222 987 1258 1028 9,
1280 985 1317 1029 4,
1336 987 1390 1019 10.
1415 996 1444 1019 s.
1469 983 1554 1028 (Sp.
1575 981 1719 1028 cantus)

231 1033 398 1068 tibiarum
421 1036 453 1072 1,
479 1035 533 1074 11,
558 1035 591 1066 7.
617 1032 965 1075 jucunditatem
982 1032 1111 1076 Crispi,
1138 1042 1303 1066 sonum
1322 1031 1504 1073 Trachali,
1533 1031 1718 1077 elegan-

231 1080 346 1114 tiam
385 1078 539 1113 Secundi
565 1081 626 1120 12,
656 1081 717 1123 10,
744 1082 798 1112 11.
827 1079 954 1123 quibus
985 1078 1200 1125 gravitas
1227 1083 1267 1115 et,
1288 1079 1561 1112 cothurnus
1585 1082 1622 1111 et
1649 1086 1719 1111 so-

231 1137 317 1159 nus
342 1125 532 1168 Sophoclis
555 1124 698 1159 videtur
732 1136 811 1159 esse
834 1125 1018 1158 sublimior
1043 1127 1106 1167 10,
1131 1128 1170 1167 1,
1197 1125 1255 1160 68.
1303 1122 1349 1169 y)
1377 1136 1437 1168 per
1458 1125 1572 1159 varios
1594 1135 1716 1157 casus.-

231 1185 266 1207 υ.
289 1171 485 1206 Clamor.
518 1170 667 1214 (verba)
701 1182 766 1214 per
797 1182 836 1205 se
866 1172 946 1205 soni
977 1177 1111 1206 tantum
1137 1176 1219 1204 sunt
1243 1172 1307 1214 10,
1331 1172 1376 1213 2,
1401 1171 1464 1211 133
1492 1179 1564 1203 una
1587 1169 1714 1213 quaed.

232 1217 438 1261 spiritus
475 1227 517 1250 ac
550 1216 650 1250 soni
684 1216 834 1251 intentio
863 1220 928 1260 11,
955 1219 997 1258 3,
1020 1218 1079 1252 45.
1109 1216 1219 1261 ipsius
1248 1227 1278 1251 s.
1301 1214 1497 1259 rusticitate
1522 1217 1567 1248 ib.
1593 1217 1655 1258 103
1685 1226 1716 1250 s.

232 1263 396 1307 quibusd.
425 1262 568 1295 nomina
598 1269 717 1306 aptare
746 1265 787 1305 8,
817 1266 857 1305 3,
882 1266 938 1298 30.
972 1263 1131 1307 priorum
1148 1263 1378 1307 'syllabarum
1410 1271 1502 1296 sono
1533 1261 1719 1307 indulgent

234 1312 302 1350 11,
329 1310 370 1350 3,
397 1310 452 1341 33.
479 1318 569 1340 sono
593 1308 694 1342 vocis
718 1308 878 1342 serviunt
904 1312 935 1348 1,
961 1312 1017 1351 12,
1042 1311 1081 1350 33
1118 1319 1226 1342 sonus
1249 1308 1287 1342 in
1310 1308 1472 1342 oratione
1494 1308 1595 1342 varie
1617 1307 1720 1341 adhi-

229 1355 334 1388 betur
358 1357 399 1395 1,
425 1356 490 1395 10,
516 1355 572 1386 23.
606 1353 645 1386 in
680 1353 811 1387 cithara
849 1353 1004 1398 quinque
1042 1353 1304 1388 constituerunt
1337 1365 1367 1387 s.
1394 1356 1455 1396 12,
1485 1355 1548 1393 10,
1567 1353 1627 1388 68.
1656 1352 1720 1397 qui

231 1400 390 1434 citharae
412 1408 521 1432 sonos
547 1398 750 1432 nominibus
778 1406 813 1433 et
837 1399 957 1443 spatiis
984 1399 1188 1432 distinxerit
1212 1403 1246 1441 1,
1270 1401 1326 1442 10,
1351 1401 1383 1433 3.
1412 1409 1492 1432 cum
1518 1399 1586 1432 hae
1607 1409 1719 1433 voca-

229 1448 284 1480 les
310 1447 399 1479 duae
423 1444 578 1478 efficiant
605 1455 751 1488 sonum,
780 1446 892 1490 qualis
917 1457 972 1489 ap.
1000 1445 1155 1479 Graecos
1182 1446 1299 1479 nullus
1327 1450 1381 1479 est
1409 1447 1470 1483 12.
1497 1445 1561 1484 10,
1586 1446 1644 1478 30.
1670 1443 1728 1486 cf.:

233 1495 267 1536 1,
290 1495 326 1534 7,
355 1492 388 1523 6.
416 1490 562 1536 exigere
585 1490 767 1524 literarum
789 1500 899 1525 sonos
927 1494 959 1533 1,
982 1489 1018 1534 4,
1042 1494 1076 1526 7.
1103 1491 1142 1525 lii
1170 1501 1199 1524 s.
1225 1502 1307 1525 cum
1333 1491 1500 1538 augenda,
1518 1490 1720 1530 intentione

232 1536 432 1581 excitandi,
456 1548 535 1570 cum
561 1538 810 1571 summittenda
837 1541 919 1571 sunt
941 1535 1162 1579 temperandi
1187 1539 1252 1579 11,
1275 1534 1319 1580 3,,
1343 1536 1406 1572 42.
1435 1548 1470 1570 ν.
1495 1536 1728 1580 Intentio.⁴

232 1597 260 1619 s.
286 1594 403 1628 neque
425 1582 711 1627 pronuntiatione
735 1582 848 1626 flecti,
873 1594 990 1627 neque
1007 1582 1138 1615 diutius
1160 1582 1257 1616 ferre
1278 1581 1512 1617 intentionem
1560 1587 1652 1617 otest
1674 1582 1728 1627 ἰδὲ

231 1630 290 1664 41.
324 1636 363 1663 ut
388 1639 503 1673 paene
530 1629 664 1672 cujusd.
692 1639 810 1663 novae
833 1628 957 1663 literae
981 1639 1107 1662 sonum
1132 1629 1257 1669 reddat
1278 1629 1323 1672 9,
1348 1627 1401 1672 4,
1417 1627 1477 1663 40.
1507 1641 1526 1661 ο
1542 1653 1550 1661 .
1576 1628 1633 1663 66.
1662 1629 1728 1672 11,-“

231 1679 268 1720 3,
297 1678 352 1710 20.
376 1674 414 1709 in
436 1686 546 1708 unum
569 1686 598 1709 s.
629 1676 832 1709 coalescere
859 1680 896 1709 et
919 1674 1092 1709 confundi
1119 1677 1151 1716 1,
1179 1677 1213 1717 7,
1236 1674 1295 1709 26.
1319 1673 1406 1709 elisa
1429 1673 1523 1719 (υοχ)
1551 1672 1590 1707 in
1620 1673 1720 1710 illum

228 1735 264 1757 e.
291 1722 442 1765 erumpit
468 1724 523 1761 11,
550 1723 593 1764 3,
626 1721 681 1755 51.
712 1721 774 1755 illa
797 1732 878 1765 per
900 1731 1041 1754 sonos
1065 1720 1230 1754 accidunt
1253 1719 1341 1756 vitia
1363 1719 1437 1754 oris
1460 1725 1497 1754 et
1518 1719 1662 1768 linguan
1685 1722 1728 1768 1,ι

234 1771 277 1811 5,
306 1770 364 1802 32.
401 1766 446 1808 cs.
475 1768 538 1807 193
585 1769 720 1801 Alam..-
756 1766 857 1810 (Lat.
877 1765 1071 1809 facundia)
1105 1772 1159 1800 est
1201 1765 1287 1810 ipsis
1316 1766 1434 1801 statim
1465 1765 1564 1801 nonis
1590 1764 1721 1801 durior

233 1816 358 1859 (quam
383 1812 545 1856 Graeca)
572 1815 634 1857 12,
662 1815 727 1855 10,
755 1816 811 1848 27.
842 1813 913 1847 hoc
945 1813 1138 1847 secundum
1167 1810 1311 1856 (vitium)
1335 1832 1383 1839 —
1409 1800 1728 1856 aspiratione⁴

235 1870 347 1894 sono
374 1858 550 1893 contineri
575 1862 617 1901 1,
643 1859 687 1902 5,
714 1859 748 1894 6.
774 1859 818 1900 cs.
845 1862 883 1902 1,
911 1861 973 1902 10,
1001 1862 1058 1893 22.
1090 1858 1186 1892 sonis
1211 1857 1374 1893 homines
1397 1857 1636 1905 dignoscimus
1661 1861 1702 1893 11

234 1909 278 1949 3,
305 1909 362 1940 31.
389 1905 585 1938 auditorem
610 1905 707 1938 omni
732 1916 760 1939 s.
786 1906 964 1939 mulceant
987 1905 1022 1947 9,
1045 1907 1080 1948 2,
1107 1906 1140 1938 5.
1176 1915 1243 1938 nec
1267 1905 1346 1938 eod.
1371 1915 1401 1938 s.
1424 1904 1565 1948 publica
1583 1903 1696 1946 judici

235 1958 271 1987 et
293 1951 505 1986 arbitrorum
529 1951 803 1994 disceptationes
829 1957 979 1998 aguntur
1000 1953 1062 1993 11,
1087 1952 1128 1992 1,
1151 1947 1197 1983 43
1218 1950 1266 1984 Ν.
1290 1959 1490 1984 sermonem
1512 1950 1675 1994 praefore

234 2004 306 2032 tem
332 1998 370 2032 in
392 1996 554 2031 verbis
579 2002 615 2030 et
636 1997 775 2031 sonis
798 2017 844 2023 —
868 1996 1049 2042 proprium
1079 1996 1209 2040 quend.
1235 2001 1374 2042 gustum
1399 1995 1506 2030 Urbis
1527 1995 1568 2037 6,
1593 1997 1637 2039 3,
1662 1998 1708 2030 17

234 2055 352 2088 neque
378 2054 458 2076 cum
484 2052 574 2076 sono
599 2043 771 2076 faciamus
795 2040 1075 2087 (suspirationem)
1107 2044 1146 2075 11
1161 2067 1172 2083 ‚
1193 2043 1236 2084 3,
1259 2042 1314 2076 53.
1341 2041 1380 2081 in
1403 2052 1474 2086 quo
1498 2052 1538 2075 se
1559 2039 1656 2075 max'

234 2102 316 2125 cum
344 2101 371 2123 s.
401 2089 527 2122 fluctus
561 2088 714 2123 illideret
741 2091 807 2134 10,
831 2091 878 2133 3,
911 2091 968 2125 30.
1003 2098 1052 2122 ex
1081 2097 1171 2121 sono
1204 2094 1413 2132 stertere,
1443 2095 1719 2132 murmurat.

235 2139 299 2178 (sc.
328 2135 466 2177 dicitur)
494 2138 526 2178 1,
548 2135 583 2177 6,
610 2136 667 2169 38.

190 2192 337 2247 SopiO.
364 2212 510 2236 caeca
534 2212 576 2236 ac
599 2201 756 2247 sopita
780 2206 963 2247 parentum
987 2199 1151 2236 socordia
1174 2202 1207 2244 1,
1230 2202 1266 2244 2,
1291 2200 1326 2237 5.

190 2259 582 2350 ὃᾳὲῡξοᾏιῐεωιύθηίο
615 2281 644 2303 s.
667 2269 889 2317 profligatum
915 2272 971 2304 Co
985 2273 1035 2303 el.
1058 2267 1100 2312 4,
1124 2272 1166 2313 2,
1195 2270 1272 2303 123.
1303 2267 1520 2303 semisomno
1549 2279 1579 2322 ⁸7
1606 2269 1688 2304 Coe

236 2330 247 2349 ἶ
271 2341 279 2350 ι
378 2341 388 2351 ι

192 2361 372 2402 sordeo.
420 2371 546 2417 quibus
579 2382 685 2406 omne
715 2373 858 2416 sordet,
887 2372 984 2417 quod
1008 2370 1100 2417 (Sp.
1125 2369 1245 2405 omnia
1276 2371 1424 2406 sordent
1454 2369 1570 2416 quae)
1597 2381 1643 2406 na
1678 2347 1699 2377 ῥ’

239 2418 385 2453 dictavit
407 2420 451 2462 8,
477 2419 538 2454 Pr.
558 2420 603 2452 26
623 2422 666 2452 Z.

194 2462 364 2504 Sordes·
409 2474 450 2518 Ι)
473 2477 515 2508 ‹le
541 2477 675 2508 habitu.-
709 2475 880 2508 sordes
906 2479 943 2508 et
965 2463 1240 2518 squalorem
1265 2478 1302 2508 et
1326 2473 1606 2518 propinquorum
1629 2478 1677 2516 qu

239 2531 307 2563 que
331 2521 480 2555 similem
503 2520 713 2554 habitum
739 2520 813 2554 scio
837 2520 1013 2564 profuisse
1038 2521 1086 2562 (in
1109 2517 1258 2562 judiciis)
1283 2520 1319 2563 6,
1344 2522 1377 2562 1,
1401 2521 1458 2554 33.
1502 2518 1554 2562 11)
1578 2519 1621 2552 de
1636 2530 1691 2562 αν,

239 2569 334 2598 ritia:
373 2577 440 2600 nec
473 2566 657 2611 quisquam
690 2567 784 2599 hunc
812 2572 1053 2610 quaestum
1081 2565 1159 2600 sine
1191 2565 1337 2599 crimine
1364 2564 1568 2599 sardium
1591 2564 1673 2599 fece

241 2613 296 2648 12.
325 2614 358 2651 7,
382 2613 417 2646 9.
441 2612 598 2646 sordium
622 2611 777 2656 suspicio
805 2611 845 2654 4,
872 2615 909 2654 1,
937 2614 971 2647 S.
995 2612 1160 2646 incusans
1183 2613 1259 2654 ejus
1283 2611 1406 2651 sordes
1428 2610 1463 2653 6,
1487 2610 1521 2652 3,
1547 2607 1605 2644 74.

196 2652 415 2696 Sordidus.
462 2666 561 2711 1)1·n
587 2669 746 2702 dicendo.-
771 2668 1020 2702 sordidum
1049 2667 1208 2701 nitido
1236 2667 1416 2701 diversum
1441 2670 1495 2700 est
1519 2667 1565 2707 8,
1591 2667 1638 2709 3,
1659 2664 1683 2700 4

242 2723 274 2744 v.
301 2711 505 2747 Nitidus.
538 2724 617 2747 cum
641 2714 761 2748 omnia
787 2714 880 2748 circa
904 2714 1097 2748 sententias
1131 2712 1324 2747 sordida
1351 2717 1389 2745 et
1418 2711 1608 2754 abjecta
1637 2720 1680 2745 su

240 2759 283 2800 2»
310 2759 374 2800 12,
398 2760 433 2792 7-
459 2758 505 2800 cs·
530 2761 576 2803 2,
601 2760 644 2803 5,
669 2762 723 2796 10.
749 2771 781 2796 s·
803 2771 939 2795 nomen
960 2761 1002 2804 8,
1026 2761 1070 2804 3,
1091 2761 1151 2793 21.
1175 2759 1312 2802 sord„
1334 2756 1495 2802 jejuna
1520 2764 1583 2792 etc.
1604 2767 1627 2792 o
