1728 3002
111 205 194 245 438
231 224 271 257 r„
344 217 356 223 “
430 192 435 198 ἃ
568 207 856 266 Intelligentia
889 235 945 243 —
987 209 1185 269 Intelligo
1236 267 1239 269 .

160 316 298 352 etiamsi
326 319 471 363 propria
494 331 614 356 rerum
636 323 832 368 aliquarum
855 323 927 359 sint
948 323 1109 368 nomina,
1138 322 1320 372 τροπικῶς
1340 326 1441 372 quasi
1461 332 1579 362 tamen
1601 327 1646 362 ad

160 365 312 398 eundem
334 365 400 399 int.
421 367 587 402 feruntur
609 368 661 412 (a.
689 374 708 403 l.
737 372 866 412 refer.)
895 373 961 415 10,
987 374 1027 414 1,
1055 374 1094 410 11
1122 373 1169 406 Ν.
1210 373 1253 406 ad
1275 372 1405 407 int-‘id
1430 384 1562 408 nomen
1587 385 1647 408 re—

159 410 317 445 ferentes
345 415 386 454 7,
410 410 457 456 4,
483 413 507 447 4
530 416 578 449 N.
616 417 712 459 quod
741 415 770 450 si
796 418 839 450 ad
865 416 942 455 int,
968 418 1126 460 referas,
1150 416 1300 452 minutio
1327 424 1402 462 est,
1433 420 1463 453 si
1491 421 1535 454 ad
1564 421 1646 453 ob-

161 457 442 502 scuritatem,
466 459 724 496 incrementum
742 464 776 504 8,
797 462 832 505 4,
845 465 908 506 28;
935 464 1000 496 alia
1024 464 1337 508 appellatione
1365 476 1575 510 quac-unque
1602 467 1647 500 ad

159 501 240 536 int.
266 505 419 537 eundem
442 505 673 541 nihilominus
702 509 889 553 perveniat
914 509 999 553 (res)
1027 511 1073 552 8,
1099 511 1140 551 3,
1163 511 1208 546 39
1234 512 1278 545 Ν.
1593 523 1596 526 ’

114 556 415 624 ῙῐὶῐθΠῙὲΕΠῒῇἃ·
449 573 705 621 intelligentiae
729 589 813 612 suae
837 579 955 612 lumen
976 579 1010 618 8,
1023 579 1125 620 2,23.
1148 589 1267 622 neque
1290 576 1648 625 intelligentiam

161 626 384 652 concesseris
411 618 477 661 iis,
514 623 595 666 qui,
631 623 812 667 proposita
842 625 1076 658 honestorum
1107 635 1148 658 ac
1179 624 1333 669 turpium
1363 624 1450 666 via,
1490 625 1649 669 pejorem

159 661 260 706 sequi
290 665 446 709 malent,
482 678 600 712 neque
633 670 956 714 prudentiam,
1005 681 1086 704 cum
1116 671 1154 704 in
1181 670 1410 718 gravissimas
1443 671 1651 715 frequenter

159 708 292 754 legum,
316 721 456 755 semper
483 725 572 749 vero
597 717 710 750 malae
734 716 996 760 conscientiae,
1020 726 1157 761 poenas
1180 728 1201 751 a
1216 721 1330 751 semet
1352 714 1421 761 ipsi
1445 727 1493 751 ex
1515 716 1650 760 impro-

160 754 241 788 viso
269 766 389 790 rerum
410 759 509 793 exitu
535 760 727 796 induantur
762 765 818 803 12,
844 765 877 807 1,
903 765 936 798 3.
1308 779 1317 783 ·

113 807 326 868 ῙῦῐθῙῙίἕΟ-
372 837 440 861 nec
472 827 564 863 sicut
587 831 631 863 de
654 830 839 865 intellectu
862 829 970 864 animi
991 835 1090 865 recte
1114 829 1288 874 dixerim,
1322 827 1577 881 video,·ita
1601 829 1646 863 de

158 868 241 904 visu
265 872 471 916 oculorum,
502 874 724 923 intelligo
757 880 812 920 10,
838 880 872 920 1,·
895 876 952 911 14.
992 883 1028 911 et
1056 876 1299 923 intelligo,
1334 881 1371 910 et
1393 879 1575 918 sentio,
1611 881 1648 908 et

159 914 310 960 video,
337 929 444 963 saepe
467 919 563 955 idem
587 924 723 966 valent,
747 925 840 968 quod
861 923 958 958 scio
981 925 1023 957 ib.
1039 925 1094 957 13.
1142 922 1174 965 1)
1193 925 1260 968 i.q.
1279 928 1414 955 mente
1431 923 1646 974 perc-ipso.

158 959 202 1004 α)
227 964 439 1006 simpliciter.-
476 967 536 1011 qui
563 967 767 1017 intelligunt
796 982 874 1014 opp.
899 968 1054 1013 imperiti
1083 971 1147 1012 11,
1179 971 1222 1011 1,
1253 969 1310 1003 93.
1358 978 1436 1001 cum
1462 967 1648 1000 maledicta

159 1014 243 1041 sunt
264 1014 413 1054 tantum,
438 1017 475 1046 et
500 1024 574 1047 non
601 1015 811 1062 intelligere,
840 1015 983 1050 interim
1010 1016 1126 1049 bonae
1150 1013 1391 1049 conscientiae
1415 1019 1470 1047 est
1489 1013 1576 1065 9,·2,
1588 1014 1646 1048 93.

160 1057 321 1090 tenere
346 1067 386 1091 se
410 1062 445 1092 et
468 1058 766 1108 intelligere,
796 1061 895 1107 prius
922 1072 1036 1106 paene
1061 1072 1164 1105 quam
1187 1059 1407 1111 audiant,
1429 1064 1649 1111 mentiuntur

159 1100 214 1140 12,
239 1101 274 1141 8.
301 1103 324 1136 3
367 1109 407 1137 ut
428 1105 547 1140 omnia
570 1106 638 1140 ista
660 1109 779 1142 facere
797 1108 923 1152 possit,
946 1107 1120 1154 intelligat
1145 1109 1177 1148 1,
1201 1108 1237 1149 8,
1264 1109 1298 1140 2.
1336 1111 1375 1139 ut
1397 1111 1646 1139 inveniant
1698 1109 1704 1113 ”

158 1143 227 1188 ipsi
253 1152 289 1180 et
314 1148 593 1195 intelligant
623 1157 662 1194 2,
690 1155 737 1197 5,
774 1157 830 1188 13.
881 1164 951 1198 quo
974 1154 1086 1198 judex
1109 1153 1250 1187 facilius
1272 1151 1448 1198 intelligat
1471 1149 1506 1191 4,
1518 1153 1563 1203 ,2,
1587 1152 1646 1203 33.

159 1202 192 1225 υ.
216 1190 382 1228 Credo·
419 1197 462 1230 ad
485 1198 753 1245 intelligendum
777 1199 939 1234 faciliora
967 1203 1007 1243 2,
1037 1202 1077 1241 3,
1102 1201 1136 1234 8.
1170 1198 1316 1243 proprio
1341 1198 1491 1242 quodam
1516 1197 1647 1230 intelli-

157 1237 267 1283 gendi
291 1240 425 1274 ambitu
450 1246 577 1286 12,10,
592 1247 625 1278 3.
648 1256 687 1279 se
711 1247 789 1280 solo
814 1246 1053 1290 nequidquam
1081 1244 1302 1292 intelligente
1325 1245 1360 1286 8,
1375 1246 1411 1285 2,
1425 1246 1459 1285 2,
1506 1242 1550 1286 β)
1564 1245 1644 1277 Act.
1695 1263 1702 1266 -

159 1294 188 1315 c.
209 1286 356 1318 Accus.:
394 1290 488 1331 quod
512 1290 673 1334 plerique
699 1290 900 1338 intelligere
923 1293 1051 1324 nolunt
1075 1294 1131 1332 11,
1156 1293 1190 1332 3,
1213 1292 1268 1325 60.
1299 1288 1581 1341 intelligere
1604 1299 1648 1324 ea

158 1327 237 1362 sine
265 1331 612 1369 demonstrante
637 1338 694 1378 10,
711 1339 743 1378 1,
758 1337 813 1374 15,
832 1348 879 1370 ne
896 1338 1073 1377 damnent,
1099 1347 1190 1379 quae
1214 1346 1287 1369 non
1305 1334 1507 1380 intelhgnnt
1526 1335 1646 1385 172326.

158 1384 234 1407 non
258 1374 420 1424 intelligo
444 1381 534 1414 haec
560 1381 757 1428 aenigmata
784 1383 826 1424 6,
851 1384 894 1424 3,
918 1383 974 1416 98.
1010 1380 1055 1422 cs.
1084 1382 1107 1415 8
1122 1407 1132 1423 ,
1163 1382 1210 1423 6,
1246 1382 1302 1414 53.
1353 1381 1511 1431 nondum
1534 1390 1647 1431 prima

157 1421 270 1455 verba
294 1425 475 1468 exprimit,
505 1432 540 1459 et
563 1428 633 1470 jam
658 1438 784 1462 cocum
804 1427 970 1473 intelligit
995 1430 1029 1469 1,
1045 1429 1078 1469 2,
1093 1427 1173 1460 6Ν.
1201 1431 1240 1459 ut
1264 1426 1373 1469 judex
1395 1425 1647 1471 intelligat

157 1465 276 1509 potius
301 1470 462 1504 dolorem
485 1472 597 1515 illum,
623 1485 727 1517 quam
751 1473 909 1507 audiat
934 1475 988 1515 11,
1006 1475 1038 1515 1,
1063 1471 1119 1507 84.
1155 1471 1214 1516 qui
1240 1482 1308 1505 nec
1333 1471 1550 1524 Geometreu
1574 1481 1646 1504 au-

160 1511 396 1560 diverint,
420 1529 487 1552 nec
512 1519 686 1561 Musicos,
712 1520 780 1554 nisi
803 1520 872 1553 hac
897 1518 1075 1553 communi
1099 1519 1284 1561 voluptate
1308 1528 1465 1568 aurium,
1496 1517 1647 1568 intel-

157 1557 312 1604 ligant
337 1564 369 1604 1,
397 1566 452 1607 10,
476 1563 512 1599 4.
541 1576 587 1599 ne
610 1566 721 1609 judex
749 1576 827 1600 eam
849 1563 1064 1609 (orationem)
1088 1564 1149 1598 vel
1176 1573 1347 1606 capere
1369 1562 1431 1598 vel
1454 1563 1647 1614 intelli-

158 1614 270 1650 gere
293 1618 368 1641 non
390 1610 504 1653 possit
528 1614 584 1654 11,
603 1614 635 1654 1,
659 1611 714 1646 45.
748 1612 946 1656 periculum
969 1609 1168 1657 intelligere
1193 1611 1249 1650 12,
1270 1609 1302 1648 5,
1326 1607 1362 1644 4.
1380 1619 1459 1661 μου
1481 1618 1513 1660 si
1534 1610 1647 1643 ratio-

158 1661 242 1684 nem
265 1652 423 1688 siderum
446 1656 656 1702 ignoret,
683 1660 808 1701 poetas
833 1657 1079 1703 intelligat
1097 1658 1138 1698 ,1,
1160 1653 1195 1697 4,
1223 1654 1259 1688 4.
1295 1655 1391 1688 docti
1415 1658 1645 1688 rationem

158 1701 396 1742 componendi
419 1701 634 1749 intelligunt,
659 1704 763 1737 etiam
785 1702 922 1737 indocti
948 1704 1240 1746 voluptatem
1263 1702 1304 1743 9,
1329 1699 1370 1743 4,
1397 1700 1474 1752 116.
1513 1705 1552 1751 ut
1574 1711 1645 1741 ac-

159 1750 300 1787 cepto
325 1758 458 1793 genere
482 1750 618 1793 species
643 1749 913 1796 intelligere
941 1759 1014 1782 non
1032 1747 1170 1792 possint
1192 1748 1226 1789 8,
1246 1747 1348 1797 6,13.
1373 1755 1449 1781 vim
1471 1755 1645 1789 cupisque

159 1790 263 1824 vocis
290 1791 490 1841 intelligere
528 1799 591 1837 12,
622 1798 668 1838 3,
698 1799 742 1837 73
780 1798 824 1830 ad
849 1807 954 1840 quem
980 1793 1249 1840 intelligendum
1272 1803 1342 1845 jam
1364 1792 1531 1835 profectu
1554 1801 1643 1835 opus

158 1834 204 1868 sit
227 1839 262 1879 2,
288 1838 322 1881 5,
349 1841 405 1875 19.
443 1852 524 1874 cum
549 1843 593 1875 ad
620 1841 871 1887 intelligendos
894 1851 961 1875 nos
989 1851 1078 1884 opus
1105 1839 1149 1873 sit
1172 1838 1318 1885 ingemo
1345 1838 1388 1880 8,
1412 1838 1470 1871 Pr.
1494 1837 1572 1889 25..
1598 1837 1643 1889 ad

158 1881 406 1930 intelligendas
422 1897 546 1920 eorum
568 1888 720 1922 virtutes
743 1888 900 1921 firmiore
923 1887 1058 1931 judicio
1083 1896 1172 1929 opus
1192 1890 1245 1918 est
1269 1885 1397 1936 1‚8,·5;
1423 1884 1539 1935 quod
1562 1893 1644 1916 imi·
1704 1907 1707 1915 .

157 1933 295 1963 taturus
320 1937 393 1973 est,
430 1933 580 1977 quisque
606 1933 779 1980 intelligat
803 1936 860 1977 10,
878 1936 913 1976 2,
939 1934 993 1967 18.
1016 1938 1056 1965 nt
1080 1931 1318 1976 interrogatus
1339 1930 1526 1981 intelligat,
1550 1929 1647 1972 quod
1672 1958 1675 1963 ,

157 1981 321 2020 rogatur,
342 1983 408 2019 aut
434 1990 480 2013 ne
503 1979 704 2026 intelligere
727 1991 766 2014 se
789 1985 897 2026 neget
923 1979 957 2022 5,
981 1982 1015 2021 7,
1039 1981 1096 2013 31.
1144 1976 1182 2022 y)
1212 1980 1332 2028 Pass3:
1367 1986 1427 2018 qui
1450 1976 1534 2008 olim
1562 1985 1645 2027 no-
1709 1991 1711 1994 ·

158 2021 441 2068 minabitur,
476 2037 573 2060 nunc
598 2025 900 2072 intelligitur
927 2027 983 2068 10,
1010 2027 1043 2067 1,
1069 2022 1148 2057 104.
1189 2033 1279 2075 quae
1296 2021 1386 2074 ’Inde
1410 2026 1644 2072 contraxerit,
1696 2051 1701 2061 ,

159 2069 255 2110 quod
279 2080 352 2103 non
380 2070 626 2119 intelliguntur
647 2074 682 2113 8,
706 2075 740 2113 2,
761 2075 816 2105 12.
853 2082 922 2113 ars,
947 2081 1038 2115 quae
1065 2068 1306 2120 intelligi-nisi
1342 2066 1384 2118 ab
1410 2065 1542 2099 artifice
1567 2076 1643 2118 non

158 2114 271 2157 possit
293 2119 334 2158 2,
363 2117 404 2158 5,
426 2119 460 2151 8.
500 2124 539 2152 ut
565 2117 643 2152 sine
669 2117 713 2151 iis
737 2118 835 2151 nulla
857 2116 1009 2163 intelligi
1033 2116 1111 2149 fere
1134 2119 1247 2159 possa
1269 2117 1382 2165 oratio
1407 2112 1442 2155 9,
1466 2114 1502 2154 2,
1529 2114 1564 2146 2.
1585 2116 1643 2164 'sit

158 2165 281 2203 aperta
310 2161 520 2206 (periodus),
555 2169 594 2197 ut
617 2163 767 2210 intelligi
787 2163 901 2208 possit
925 2164 966 2206 9,
992 2161 1034 2204 4,
1060 2162 1138 2197 125.
1172 2161 1311 2212 saltatio
1333 2158 1541 2201 frequenter
1564 2168 1642 2192 sine

158 2216 252 2239 voce
270 2206 481 2255 intelligitur
506 2212 561 2252 11,
578 2212 612 2252 3,
625 2211 681 2245 66.
717 2215 752 2243 et
777 2209 981 2243 auditum
1008 2219 1088 2241 eum
1113 2211 1149 2240 et
1171 2205 1466 2238 intellectum
1491 2207 1545 2245 12,
1560 2204 1594 2245 5,
1607 2203 1640 2238 6.

159 2252 316 2286 carmina
342 2254 408 2289 vix
437 2256 763 2290 sacerdotibus
787 2255 1044 2289 intellecta
1070 2252 1152 2294 1,6,
1171 2253 1228 2284 40.
1275 2246 1308 2291 ὃ)
1333 2262 1362 2282 c.
1387 2251 1502 2282 Adm:
1527 2260 1642 2302 quan-

158 2301 233 2330 tum
258 2309 326 2345 ego
349 2299 512 2347 intelligo
537 2300 582 2344 4,
608 2304 654 2344 2,
678 2299 734 2336 64.
783 2311 857 2335 non
880 2301 987 2334 modo
1011 2299 1184 2350 palam,
1221 2295 1284 2329 sed
1306 2295 1640 2347 quod-omnino

156 2341 370 2391 intelligi
397 2357 487 2380 non
515 2347 670 2391 possit
693 2347 727 2388 4,
751 2349 784 2389 1,
812 2349 866 2380 11.
905 2345 956 2379 sic
981 2346 1126 2385 clarius,
1156 2353 1263 2394 'quae-
1281 2341 1465 2393 dicentur,
1490 2341 1641 2393 intelli-gi

156 2395 324 2430 poterunt
349 2395 383 2435 2,
409 2395 442 2435 5,
466 2396 500 2427 7.
532 2393 637 2427 etiam
661 2402 768 2426 sensu
790 2390 952 2435 plerique
975 2390 1130 2424 obscene
1153 2388 1370 2439 intelligere,
1397 2397 1468 2420 niSi
1489 2397 1641 2434 caveris,

157 2435 304 2477 cupiunt
330 2438 364 2480 8,
389 2440 424 2480 3,
448 2437 506 2473 47.
543 2440 585 2472 ab
606 2437 810 2472 hominibus
834 2436 890 2470 sui
914 2435 1084 2479 temporis
1104 2443 1228 2478 parum
1251 2433 1514 2486 intelligebatur
1537 2434 1641 2484 11,1,

158 2481 213 2512 10,
255 2482 369 2517 aliena
395 2495 433 2518 se
457 2495 581 2528 partim
605 2484 806 2529 intelligere
832 2483 868 2525 6,
891 2484 925 2525 3,
951 2483 1008 2516 85.
1045 2491 1201 2532 nequeas
1225 2485 1310 2513 satis
1332 2478 1640 2530 forte-intelli-
1699 2491 1702 2496 ’

156 2534 291 2569 gere,
317 2529 464 2563 facias
488 2531 632 2574 quidem
655 2531 782 2563 melius
809 2529 844 2571 9,
869 2527 911 2571 4,
932 2529 1008 2561 120.
1040 2537 1114 2560 non
1139 2532 1222 2560 satis
1240 2526 1415 2559 honorem
1438 2524 1638 2570 intelligere

157 2569 191 2607 4,
217 2572 274 2605 Pr.
299 2576 332 2607 2.
383 2574 417 2616 e)
442 2589 508 2620 seq.
534 2581 617 2610 Ace.
646 2589 673 2610 c.
700 2574 767 2616 Ins.
799 2581 856 2607 aut
880 2577 1034 2614 interrog.
1065 2574 1185 2605 irulir..·
1209 2570 1382 2615 intelligo,
1407 2570 1554 2602 multum
1578 2580 1638 2602 re-
1696 2599 1698 2602 ,

156 2616 254 2656 ferre
278 2619 312 2659 9,
328 2618 363 2660 4,
385 2621 429 2654 93
470 2634 508 2655 se
533 2622 683 2666 quisque
709 2622 799 2655 bene
816 2619 935 2654 dicere
957 2618 1121 2665 intelligit
1150 2621 1184 2660 2,
1211 2619 1266 2657 17,
1292 2616 1349 2668 26.
1383 2615 1638 2663 quae-placere

156 2660 380 2697 intellexeris
396 2668 450 2707 12,
466 2670 521 2709 10,
532 2669 585 2703 56.
613 2679 684 2711 quo
699 2686 734 2691 -
751 2667 858 2700 finem
874 2677 952 2700 esse
967 2663 1177 2698 narrationis
1201 2662 1373 2714 intelligat
1392 2659 1510 2712 4245’9·
1541 2660 1637 2740 Ἑιοά
1698 2669 1702 2682 ²

156 2712 192 2739 et
208 2713 331 2741 orator
353 2709 419 2742 sibi
448 2713 678 2747 obtinendum
705 2718 739 2746 et
762 2713 872 2755 judex
888 2711 1117 2756 spectandum
1136 2708 1286 2742 maxime
1309 2707 1473 2759 intelligit
1487 2707 1532 2758 ,3’
1572 2707 1636 2757 29,-

155 2757 193 2785 iit
220 2752 468 2801 intelligar
495 2758 686 2792 oratorium
718 2758 873 2792 dicere
900 2759 935 2800 9,
958 2756 991 2798 4,
1006 2758 1070 2797 573
1106 2754 1218 2800 qualis
1241 2764 1283 2786 ea
1308 2758 1365 2794 Sit,
1389 2763 1462 2804 non
1485 2751 1634 2797 intelligi

155 2797 189 2842 4,
218 2801 249 2842 1,
274 2801 331 2835 37.
358 2807 526 2844 quantum
551 2814 641 2838 onus
667 2805 845 2838 subiturus
870 2804 927 2846 sit,
951 2802 1123 2848 intelligat
1148 2797 1305 2844 6‚1,45.
1330 2803 1371 2832 ut
1394 2798 1534 2834 video
1559 2804 1633 2840 etc„
