1742 2964
758 181 837 223 Vis
1474 184 1555 224 963

76 299 123 341 cs.
146 298 189 342 6,
212 300 256 341 2,
280 298 336 333 18.
363 295 488 342 (oraria
513 295 656 340 scripta)
678 297 793 330 nullas
816 305 891 329 novn
915 293 1020 328 debet
1046 294 1199 336 habere,
1221 293 1330 327 virt.
1355 292 1457 338 dico,
1479 306 1554 329 non

77 345 199 380 vitia
226 346 281 385 12,
311 346 367 387 10,
392 345 451 379 51.
482 343 527 384 cs.
551 344 586 385 8,
611 345 647 385 3,
670 344 726 377 38.
754 347 792 376 ut
813 341 896 376 virt.
922 341 1065 375 obviam
1088 346 1124 374 et
1147 340 1393 384 illabor-atam,
1420 347 1554 375 tantum

77 390 161 436 quia
185 389 258 430 nati
280 398 424 432 minus,
447 389 638 423 habeamus
661 391 725 430 12,
754 391 796 430 2,
818 391 854 421 2.
877 386 1104 430 introspectis
1128 385 1266 430 penitus
1295 398 1331 422 v.
1357 388 1413 432 10,
1439 390 1473 429 2,
1501 390 1552 424 16,

75 436 195 471 landet
218 435 387 474 virtutem
402 445 551 479 ¹eoi-um,
581 434 642 479 qui
672 433 907 478 potentiorem
940 434 1062 467 facere
1090 431 1249 478 linguam
1271 433 1347 467 Lat.
1368 433 1555 467 studebant

72 483 113 525 1,
137 482 172 524 5,
198 483 256 519 69.
281 482 378 518 nulla
401 480 540 518 <theudi
565 492 603 515 v.
630 480 822 514 omittenda
843 482 880 522 2,
904 481 939 522 8,
965 482 1020 513 12.
1049 490 1069 512 a
1098 489 1138 512 se
1161 487 1235 511 non
1257 478 1468 513 virtutes
1493 480 1557 513 sed

77 524 384 573 voluptatem,
407 537 498 571 quae
518 527 557 560 fit
585 537 631 560 ex
657 525 938 567 virtutibus,
961 524 1034 569 peti
1059 527 1114 567 12,
1143 527 1198 566 11,
1222 526 1280 558 29.
1307 535 1344 559 v.
1368 525 1557 568 perficien-

77 574 124 607 da
147 571 308 607 doctriua
334 575 389 615 12,
413 575 448 615 2,
475 577 505 606 1.
537 572 687 607 virtutes
714 573 792 613 ejus
815 574 980 612 (Homeri)
1010 581 1082 604 non
1107 569 1342 604 aemulatione
1364 572 1426 604 sed
1450 571 1556 605 intel-

73 619 173 653 lectu
197 617 298 663 sequi
322 621 378 660 10,
404 621 438 660 1,
459 620 516 653 50.
543 629 622 652 cum
644 618 794 651 virtutes
817 628 939 651 earum
963 619 1174 658 (orationum)
1197 616 1266 657 iam
1289 616 1417 650 sentiet
1439 620 1471 659 1,
1499 620 1555 660 11,

79 663 147 706 14,
170 663 400 705 ηοσίὶωίιιιοιιι
424 664 468 698 ad
493 663 659 702 virtutem
689 664 784 698 viam
811 666 873 710 12,
899 667 940 699 2.
965 665 1021 697 27.
1050 662 1266 696 tendendum
1294 663 1340 695 ad
1362 674 1399 695 ν.
1427 665 1492 705 12,
1521 666 1556 706 2,

16 729 20 737 ι
54 712 136 748 ,21.
165 709 223 744 vir
249 709 363 744 bonus
387 708 475 743 citra
496 721 533 744 v.
554 709 704 756 intelligi
728 720 800 743 non
822 714 939 753 potest
967 711 1020 750 12,
1044 711 1079 750 2,
1110 711 1142 742 1.
1168 718 1241 742 11011
1264 707 1439 742 immerito
1465 708 1558 742 inter

75 755 227 790 ,virtutes
251 755 424 789 habemus
445 756 676 799 (hyperbaton)
703 757 746 797 8,
774 756 818 798 6,
845 756 901 789 62.
930 754 1100 798 quidquid
1123 759 1176 788 est
1197 755 1288 787 ultra
1311 765 1347 787 v.
1371 755 1407 797 8,
1431 756 1465 794 3,
1493 755 1555 797 56;

53 835 59 839 ,
78 801 255 838 Virtutem
276 800 446 835 Prodicus
470 801 600 843 (finxit)
623 803 659 843 9,
683 804 717 843 2,
743 802 799 835 36.
846 799 883 844 η)
908 803 1037 834 Ablata
1062 801 1142 833 dum
1162 800 1245 834 satis
1268 805 1413 843 putant,
1436 800 1556 834 vitio

78 857 221 888 carere,
257 846 294 880 in
319 846 353 879 id
390 846 504 891 ipsum
536 847 702 881 vitium
732 837 920 887 incidunt,
953 846 1048 890 quod
1078 845 1347 880 virtutibus
1378 852 1500 880 carent
1521 849 1557 888 2,

75 891 114 935 4,
141 894 185 927 9.-
202 891 247 934 os.
275 895 310 934 7,
334 893 392 925 Pr.
418 894 454 926 3.
482 892 580 926 omni
602 904 662 935 v„
689 904 780 937 quae
803 892 840 926 in
863 892 1013 926 feminas
1038 891 1152 935 cadit,
1176 891 1299 924 functa
1326 892 1371 933 6,
1389 893 1446 925 Pr.
1467 893 1489 927 5
1510 893 1556 926 Ν.

78 949 148 982 qua
170 948 208 975 v.
232 937 525 981 (ratiocinatione)
554 938 696 986 egregie
731 944 785 973 est
810 950 894 972 usus
920 938 956 971 in
980 937 1141 981 Cyclope
1163 936 1335 984 Virgilius
1358 936 1469 980 8„4,
1493 936 1556 980 243

76 984 210 1018 virtute
228 983 528 1021 immortalitatem
553 984 735 1018 consecuti
755 987 791 1026 3,
814 988 849 1026 7,
874 987 907 1019 9.
945 982 991 1024 cs.
1019 986 1074 1025 10,
1098 987 1130 1024 1,
1157 985 1234 1017 102.
1266 982 1445 1016 orationes
1469 983 1558 1016 emi-

70 1040 167 1067 -nere
192 1027 382 1065 virtutibus
403 1031 440 1071 3,
467 1031 503 1072 8,
527 1030 586 1064 65.
609 1030 728 1064 floruit
749 1030 887 1074 pictura
916 1029 1067 1062 diversis
1090 1040 1123 1062 v.
1155 1032 1211 1070 12,
1237 1031 1292 1070 10,
1315 1030 1348 1062 6.
1375 1034 1447 1062 tam
1469 1039 1558 1062 mo-

77 1073 213 1109 ribus
238 1086 347 1120 quam
372 1074 560 1110 virtute
593 1076 780 1116 dicendi
812 1077 992 1120 perfectus
1019 1078 1080 1115 12,
1107 1078 1149 1116 1,
1174 1074 1229 1107 24.
1262 1074 1323 1117 qui
1352 1073 1497 1108 insidias
1518 1086 1559 1110 v.

78 1126 279 1165 superasset
303 1123 364 1163 11,
394 1124 434 1163 1,
455 1119 514 1155 40.
538 1132 607 1165 qua
628 1133 664 1156 v.
688 1122 876 1164 plurimum
901 1118 1098 1154 Demosth.'
1116 1119 1227 1154 valuit
1254 1120 1295 1159 6,
1320 1123 1362 1162 2,
1389 1119 1453 1162 24;
1478 1131 1559 1154 cum

77 1177 214 1201 summa
235 1177 274 1202 v.
302 1165 686 1201 interfectorisnecari
712 1167 756 1210 4,
781 1169 822 1210 5,
847 1168 902 1201 15.
934 1166 1036 1204 verbi
1069 1177 1090 1199 a
1122 1165 1266 1210 propria
1302 1164 1580 1211 significatione*

75 1211 115 1245 in
136 1211 243 1250 aliam
268 1223 349 1247 cum
371 1212 505 1246 virtute
530 1213 677 1247 mutatio
699 1214 742 1256 8,
764 1213 806 1255 6,
836 1216 869 1246 1.
896 1212 1120 1254 auctoribus,
1145 1211 1207 1256 qui
1234 1213 1278 1245 de
1300 1213 1433 1247 virtute
1457 1223 1560 1257 prae-

74 1257 211 1302 &piat
236 1260 295 1300 12,
319 1260 356 1301 2,
378 1258 413 1292 8.
441 1257 487 1300 cli
513 1259 581 1293 28.
600 1270 634 1292 v.
658 1259 923 1293 Fortitudo.

31 1333 129 1376 Vis.
152 1339 218 1389 ’Ἇ)
241 1348 339 1390 sing.
369 1345 408 1390 1)
430 1350 577 1391 proprie.
608 1346 651 1390 a)
675 1361 704 1381 e.
729 1350 926 1381 Auributm
966 1356 1038 1380 non
1063 1351 1181 1389 potest
1207 1345 1294 1382 ferri
1321 1352 1483 1381 contorta
1505 1346 1558 1390 iz,

59 1393 161 1435 sed,
191 1397 231 1425 ut
263 1391 396 1436 optime
425 1403 556 1428 vocmn
591 1393 809 1438 singularum
842 1393 946 1426 cedat
976 1392 1124 1429 electio.
1164 1402 1239 1425 non
1272 1393 1463 1435 continua,
1493 1395 1558 1428 sed

55 1479 58 1482 Α
77 1435 275 1485 compotita
295 1443 351 1472 est
377 1440 439 1479 10,
462 1441 505 1481 7,
528 1438 583 1472 14.
609 1438 742 1483 (risus)
765 1439 871 1472 habet
891 1439 967 1473 vim
990 1437 1334 1481 imperiosissimam,
1362 1445 1397 1472 et
1420 1439 1478 1472 cui
1500 1451 1559 1473 re-

75 1483 224 1530 pugnari
241 1483 390 1525 *minime
414 1489 531 1528 potest
553 1485 588 1526 6,
612 1487 647 1525 3,
671 1486 704 1519 8.
731 1495 856 1536 magna
873 1483 1046 1517 contorsit
1063 1494 1191 1526 equum
1221 1483 1272 1517 vi.
1301 1497 1352 1526 po
1365 1490 1440 1517 fita
1465 1486 1500 1526 8,
1523 1486 1558 1528 6,

75 1529 114 1563 9.
134 1529 403 1570 maiorem-vim
426 1529 604 1571 accipiunt.
626 1535 662 1563 et
684 1535 878 1562 mutatione
901 1529 1033 1575 figurae
1052 1529 1087 1569 8,
1112 1530 1146 1569 5,
1170 1529 1204 1560 6.
1227 1539 1317 1571 quae
1342 1529 1463 1573 (ar-tes)
1483 1530 1559 1565 vini

76 1575 253 1608 occultam
278 1580 472 1619 Suggerunt
497 1577 562 1616 11,
586 1576 630 1615 3,
657 1577 691 1607 2.
719 1574 750 1607 si
784 1573 940 1607 numeris
970 1584 1012 1606 ac
1039 1573 1155 1606 modis
1181 1573 1275 1607 inest
1304 1576 1429 1617 quaed.
1453 1577 1560 1610 tacita

77 1620 148 1661 vis,
170 1618 209 1652 in
231 1618 394 1653 oratione
417 1625 472 1652 est
493 1619 804 1654 vehementissima
826 1620 862 1662 9,
885 1618 921 1655 4.
947 1620 1002 1652 13.
1029 1623 1126 1651 tanta
1148 1617 1186 1651 in
1210 1629 1255 1652 eo
1280 1620 1336 1654 vis
1366 1627 1419 1654 est
1444 1624 1500 1663 10,
1526 1626 1559 1665 1,

27 1698 30 1703 ,
81 1664 160 1700 114.
202 1666 276 1698 non
299 1665 420 1698 subest
441 1675 530 1700 vera
555 1664 613 1699 vis
638 1668 680 1706 1,
706 1667 751 1707 3,
774 1666 809 1698 5.
846 1677 877 1698 v.
903 1665 1091 1697 Natura.
1137 1662 1189 1707 β)
1213 1677 1243 1697 c.
1266 1667 1375 1700 Genii.
1414 1665 1460 1710 a)
1486 1667 1559 1702 vim

81 1711 254 1754 cujusque
281 1711 443 1753 (dearum
466 1709 720 1753 venerabimur)
746 1712 788 1752 3,
811 1713 851 1752 7,
875 1713 908 1744 7.
936 1710 994 1744 vis
1019 1709 1171 1743 oratoris
1198 1710 1313 1744 omnis
1337 1710 1375 1744 in
1397 1715 1560 1758 augendo

81 1756 345 1799 minuendoque
377 1756 537 1790 consistit
560 1757 610 1797 8,,
626 1758 669 1798 3,
691 1757 750 1791 89.
777 1756 851 1790 vim
878 1754 1040 1790 Caesaris
1065 1766 1243 1789 assumere
1268 1759 1331 1799 10,
1354 1759 1398 1799 2,
1421 1760 1479 1793 25.
1512 1759 1557 1800 ers.

24 1808 35 1814 “
79 1803 148 1844 12,
171 1803 238 1843 10,
254 1804 319 1834 ’11,
354 1811 470 1844 neque
499 1801 575 1836 vim
602 1812 724 1835 eorum
749 1800 928 1844 (veterum)
954 1801 1069 1834 adhuc
1091 1801 1275 1834 intellectu
1297 1811 1561 1847 consequentur

79 1850 122 1889 2,
146 1846 187 1889 5,
215 1849 271 1879 21.
319 1844 356 1888 11)
381 1857 418 1880 v.
446 1852 518 1879 tum
543 1858 749 1890 causarum,
773 1853 848 1881 tum
872 1848 1047 1881 actionum
1072 1848 1117 1888 8,
1141 1847 1196 1879 Pr.
1223 1849 1268 1880 10
1282 1849 1329 1880 N.
1354 1860 1392 1883 v.
1415 1850 1560 1884 affectus

80 1891 127 1934 4,
154 1895 201 1934 2,
232 1889 310 1925 104.
335 1891 488 1926 amnium
513 1904 551 1926 v.
576 1895 642 1934 10,
671 1895 711 1935 1,
734 1891 790 1927 46.
819 1895 890 1927 hoc
915 1903 988 1926 non
1013 1891 1235 1925 extrinsecus
1258 1893 1445 1937 probatur,
1469 1907 1560 1940 quae

77 1948 116 1972 v.
140 1942 194 1971 est
217 1937 414 1983 argumenti
435 1938 470 1979 5,
497 1939 554 1980 10,
580 1939 657 1972 118.
682 1938 797 1982 pictor
818 1939 857 1974 vi
881 1939 965 1972 artis
991 1949 1076 1971 suae
1101 1938 1210 1971 efficit
1236 1941 1271 1980 2,
1297 1943 1352 1981 17,
1375 1942 1432 1973 21.
1455 1941 1560 1984 hujus

79 1981 383 2025 (comparationis)
405 1993 445 2017 v.
474 1984 695 2035 quadruplex
723 1984 878 2018 maxime
906 1986 950 2026 8,
973 1983 1019 2025 6,
1041 1985 1076 2018 9.
1102 1984 1200 2026 cujus
1222 1983 1560 2030 (προςομιλητικῆς)

81 2039 119 2062 v.
145 2029 222 2062 ead.
249 2033 315 2070 est,
340 2039 431 2071 quae
451 2029 657 2063 dialecticae
683 2031 717 2072 3,
744 2029 780 2072 4,
806 2032 860 2064 10.
886 2025 1136 2063 ἐπιδεικτικὸν
1160 2039 1233 2062 11011
1246 2033 1317 2062 tam
1339 2031 1560 2065 demonstra-

82 2073 190 2108 tionis
216 2073 289 2108 vim
313 2074 444 2107 habere
468 2085 571 2118 quam
595 2076 842 2109 ostentationis
867 2077 910 2109 ib.
939 2077 994 2108 13.
1018 2074 1063 2115 cf.
1091 2073 1126 2116 4,
1151 2074 1187 2117 4,
1209 2075 1241 2110 9.
1267 2086 1402 2109 summa
1419 2076 1469 2110 'in‘
1488 2078 1560 2111 hoc

81 2130 121 2156 ῖ.
147 2118 361 2154 elocutionis
387 2121 449 2161 10,
474 2123 488 2152 1
506 2146 516 2162 ,
540 2121 598 2154 60.
628 2119 676 2161 cs.
705 2122 750 2162 6,
774 2123 817 2164 3,
842 2122 899 2155 36.
937 2125 1036 2154 tanto
1060 2121 1172 2162 major
1196 2132 1231 2153 v.
1256 2121 1481 2164 eloquentiae
1502 2123 1560 2156 in-

81 2170 202 2212 gruat,
237 2175 341 2208 quam
373 2175 463 2208 quae
496 2164 606 2199 emitti
638 2167 800 2200 faucibus
822 2166 933 2210 possit
958 2169 1020 2207 11,
1045 2167 1089 2207 3,
1114 2167 1169 2200 56.
1205 2178 1238 2199 v.
1262 2166 1558 2211 Eloquentia.

82 2209 722 2300 fatif¹ssssi11⁰3²psshffza⁵itq1¹¹8³i
752 2211 1092 2291 {¹2⁶⁰1221i5’ffi‘i15
1092 2216 1174 2291 'eiii
1186 2211 1278 2291 2³2⁵
1282 2213 1545 2293 2323?ssAE
1549 2221 1559 2247 ¹

83 2302 133 2335 tia
156 2267 316 2343 12ῗΡ10,
347 2303 402 2338 10.
429 2268 559 2335 solidap
569 2313 610 2336 ac
636 2283 751 2337 virilis
779 2286 974 2350 ingenii’v.
999 2306 1046 2346 2,
1073 2267 1115 2345 ξ,
1139 2304 1192 2336 23.
1226 2270 1301 2337 viiii
1325 2303 1466 2338 dicendi
1491 2311 1561 2350 atq.

81 2346 302 2382 inventionis
330 2356 404 2380 11011
426 2354 660 2392 assequuntur
684 2351 746 2388 10,
769 2352 811 2389 2,
835 2350 891 2384 16.
927 2348 971 2390 ej:
996 2350 1036 2390 5,
1064 2351 1127 2390 10,
1153 2349 1231 2383 109.
1265 2355 1394 2393 quanta
1421 2362 1459 2385 v.
1484 2351 1560 2394 ejus

82 2391 296 2436 (moriae)
320 2397 413 2426 esset
435 2396 503 2437 11,,
526 2395 571 2435 2,
596 2397 629 2428 7.
654 2394 724 2427 illis
747 2393 839 2432 inest
861 2406 899 2428 v.
923 2395 1052 2427 mentis
1075 2394 1117 2436 6,
1140 2396 1185 2436 2,
1208 2394 1266 2428 26.
1292 2393 1336 2436 cs.
1362 2397 1418 2438 10,
1441 2399 1476 2437 7,
1503 2399 1559 2431 15.

84 2437 145 2482 qui
175 2447 251 2471 non
274 2442 421 2471 naturae
452 2450 490 2472 v.
519 2449 660 2473 omnem
691 2438 831 2483 penitus
857 2439 1082 2484 perspexerit
1107 2442 1171 2482 12,
1198 2441 1241 2482 2,
1265 2437 1300 2472 4.
1330 2440 1369 2474 vi
1393 2441 1560 2476 orationis

83 2485 125 2524 9,
153 2485 197 2526 2,
223 2483 279 2517 53.
308 2483 603 2526 praejudiciorum
628 2496 665 2519 v.
691 2486 806 2519 omnis
830 2487 868 2527 ⁵,
890 2489 935 2528 2,
962 2488 993 2518 1.
1020 2491 1167 2529 propter
1188 2496 1227 2519 v.
1247 2485 1496 2528 probationum
1523 2490 1560 2530 2,

86 2532 143 2572 17,
166 2529 222 2564 38.
249 2540 287 2563 v.
310 2529 554 2572 quaestionum
576 2529 744 2575 [semper]
770 2541 935 2567 crescere
956 2531 1060 2564 debet
1076 2534 1110 2571 7,
1135 2533 1167 2571 1,
1191 2533 1247 2564 17·
1272 2542 1420 2574 quarum
1442 2543 1560 2568 rerum

29 2611 31 2613 ,
84 2573 210 2621 ingens
235 2575 441 2619 plerumque
465 2586 502 2609 v.
538 2581 591 2610 est
613 2576 659 2618 6,
690 2578 730 2618 1,
754 2578 810 2610 31.
844 2575 905 2620 qui
938 2586 977 2609 se
1003 2575 1171 2609 tuebitur
1203 2575 1280 2619 ipsa
1310 2576 1347 2611 vi
1375 2577 1560 2625 religionis

86 2621 128 2662 5,
148 2621 195 2662 6,
218 2622 252 2652 2.
277 2620 315 2653 111
337 2619 457 2654 verbis
480 2619 554 2654 vim
577 2621 751 2655 sermonis
775 2630 854 2655 esse
881 2625 914 2663 1,
936 2619 972 2659 4.
999 2622 1056 2656 18.
1084 2620 1128 2662 cs.
1152 2623 1186 2663 9,
1209 2620 1245 2662 4,
1269 2622 1326 2657 26.
1347 2624 1560 2658 valetudinis

31 2691 36 2697 .
84 2666 124 2699 vi
147 2669 191 2707 2,
217 2668 259 2700 17
268 2691 279 2706 ,
303 2667 361 2699 25.
387 2676 510 2710 magna
528 2676 567 2700 v.
597 2667 697 2701 venti
722 2669 763 2709 5,
786 2669 831 2710 9,
857 2667 890 2702 5.
913 2672 1011 2700 tanta
1034 2679 1071 2701 v.
1094 2666 1162 2700 suit
1185 2666 1261 2701 vini
1286 2669 1500 2713 erumpentis
1525 2671 1560 2711 8,

48 2751 49 2754 ¹
85 2710 128 2762 4,
153 2713 208 2746 17.
255 2709 301 2762 c)
326 2722 364 2745 v.
388 2711 563 2757 cogitandi
590 2714 656 2755 10,
681 2713 723 2756 6,
747 2715 780 2745 2.
814 2714 890 2747 vis
912 2724 955 2746 uc
978 2714 1191 2746 facultas
1218 2712 1356 2747 dicendi
1382 2721 1562 2762 expugnat

85 2766 198 2800 ipsam
221 2762 410 2791 veritatem
434 2759 491 2800 12,
519 2760 553 2801 1,
574 2759 631 2792 33.
662 2770 698 2792 v.
724 2757 853 2792 Dico.
876 2770 915 2794 v.
938 2758 1086 2792 videndi
1109 2764 1145 2792 et
1172 2759 1362 2803 eloquendi
1385 2761 1431 2794 de
1453 2762 1560 2795 rebus

1169 2825 1258 2860 61*
