<?xml version="1.0" encoding="UTF-8"?>
<!DOCTYPE html PUBLIC "-//W3C//DTD XHTML 1.0 Transitional//EN"
    "http://www.w3.org/TR/xhtml1/DTD/xhtml1-transitional.dtd">
<html xmlns="http://www.w3.org/1999/xhtml" xml:lang="en" lang="en">
 <head>
  <title>
</title>
<meta http-equiv="Content-Type" content="text/html;charset=utf-8" />
  <meta name='ocr-system' content='tesseract 3.04.00' />
  <meta name='ocr-capabilities' content='ocr_page ocr_carea ocr_par ocr_line ocrx_word'/>
</head>
<body>
  <div class='ocr_page' id='page_1' title='image "./lexiconquintilia06bonnuoft_0344.png"; bbox 0 0 1728 3002; ppageno 0'>
   <div class='ocr_carea' id='block_1_1' title="bbox 160 138 1039 184">
    <p class='ocr_par' dir='ltr' id='par_1_1' title="bbox 160 138 1039 184">
     <span class='ocr_line' id='line_1_1' title="bbox 160 138 1039 184; baseline 0.006 -4"><span class='ocrx_word' id='word_1_1' title='bbox 160 141 244 181; x_wconf 76' lang='lat'><strong>252</strong></span> <span class='ocrx_word' id='word_1_2' title='bbox 829 138 1039 184; x_wconf 83' lang='lat' dir='ltr'><strong>Diversus</strong></span> 
     </span>
    </p>
   </div>
   <div class='ocr_carea' id='block_1_2' title="bbox 171 252 1723 2653">
    <p class='ocr_par' dir='ltr' id='par_1_2' title="bbox 171 252 1723 2653">
     <span class='ocr_line' id='line_1_2' title="bbox 200 252 1702 302; baseline 0.005 -15"><span class='ocrx_word' id='word_1_3' title='bbox 200 253 346 290; x_wconf 78' lang='lat' dir='ltr'><strong>diversa</strong></span> <span class='ocrx_word' id='word_1_4' title='bbox 362 254 583 299; x_wconf 86' lang='lat' dir='ltr'><strong>respondent</strong></span> <span class='ocrx_word' id='word_1_5' title='bbox 601 252 679 298; x_wconf 87' lang='lat'><strong>5‚7,</strong></span> <span class='ocrx_word' id='word_1_6' title='bbox 690 255 747 288; x_wconf 83' lang='lat'><strong>12.</strong></span> <span class='ocrx_word' id='word_1_7' title='bbox 773 263 844 288; x_wconf 84' lang='lat' dir='ltr'><strong>nec</strong></span> <span class='ocrx_word' id='word_1_8' title='bbox 865 254 998 299; x_wconf 84' lang='lat' dir='ltr'><strong>plura</strong></span> <span class='ocrx_word' id='word_1_9' title='bbox 1021 255 1132 291; x_wconf 89' lang='lat' dir='ltr'><strong>modo</strong></span> <span class='ocrx_word' id='word_1_10' title='bbox 1150 253 1345 302; x_wconf 73' lang='lat' dir='ltr'><strong>significari</strong></span> <span class='ocrx_word' id='word_1_11' title='bbox 1359 257 1490 301; x_wconf 77' lang='lat' dir='ltr'><strong>solent,</strong></span> <span class='ocrx_word' id='word_1_12' title='bbox 1515 259 1581 294; x_wconf 87' lang='lat' dir='ltr'><strong>sed</strong></span> <span class='ocrx_word' id='word_1_13' title='bbox 1596 258 1702 295; x_wconf 85' lang='lat' dir='ltr'><strong>etiam</strong></span> 
     </span>
     <span class='ocr_line' id='line_1_3' title="bbox 199 299 1700 350; baseline 0.004 -16"><span class='ocrx_word' id='word_1_14' title='bbox 199 300 388 336; x_wconf 83' lang='lat' dir='ltr'><strong>diversa</strong></span> <span class='ocrx_word' id='word_1_15' title='bbox 410 301 445 344; x_wconf 90' lang='grc'><strong>6,</strong></span> <span class='ocrx_word' id='word_1_16' title='bbox 462 303 495 335; x_wconf 87' lang='grc'><strong>3.</strong></span> <span class='ocrx_word' id='word_1_17' title='bbox 509 302 566 337; x_wconf 88' lang='grc'><strong>50.</strong></span> <span class='ocrx_word' id='word_1_18' title='bbox 616 299 654 343; x_wconf 88' lang='lat' dir='ltr'><strong>c)</strong></span> <span class='ocrx_word' id='word_1_19' title='bbox 682 303 724 334; x_wconf 86' lang='lat' dir='ltr'><strong>in</strong></span> <span class='ocrx_word' id='word_1_20' title='bbox 749 301 978 337; x_wconf 71' lang='lat' dir='ltr'><strong>diversum</strong></span> <span class='ocrx_word' id='word_1_21' title='bbox 993 317 1004 336; x_wconf 86' lang='lat'><strong>.·</strong></span> <span class='ocrx_word' id='word_1_22' title='bbox 1031 301 1104 350; x_wconf 87' lang='lat' dir='ltr'><strong>Qui</strong></span> <span class='ocrx_word' id='word_1_23' title='bbox 1120 301 1237 336; x_wconf 90' lang='lat' dir='ltr'><strong>omnis</strong></span> <span class='ocrx_word' id='word_1_24' title='bbox 1252 302 1359 337; x_wconf 83' lang='lat' dir='ltr'><strong>etiam</strong></span> <span class='ocrx_word' id='word_1_25' title='bbox 1379 302 1418 339; x_wconf 83' lang='lat' dir='ltr'><strong>iu</strong></span> <span class='ocrx_word' id='word_1_26' title='bbox 1435 304 1700 349; x_wconf 71' lang='lat' dir='ltr'><strong>vituperatione</strong></span> 
     </span>
     <span class='ocr_line' id='line_1_4' title="bbox 196 346 1700 394; baseline 0.005 -13"><span class='ocrx_word' id='word_1_27' title='bbox 196 347 288 382; x_wconf 89' lang='lat' dir='ltr'><strong>ordo</strong></span> <span class='ocrx_word' id='word_1_28' title='bbox 307 347 502 391; x_wconf 79' lang='lat' dir='ltr'><strong>constabit,</strong></span> <span class='ocrx_word' id='word_1_29' title='bbox 538 352 676 381; x_wconf 83' lang='lat' dir='ltr'><strong>tantum</strong></span> <span class='ocrx_word' id='word_1_30' title='bbox 698 346 746 380; x_wconf 91' lang='lat' dir='ltr'><strong>in</strong></span> <span class='ocrx_word' id='word_1_31' title='bbox 770 346 856 385; x_wconf 81' lang='lat' dir='ltr'><strong>div.</strong></span> <span class='ocrx_word' id='word_1_32' title='bbox 881 349 917 390; x_wconf 91' lang='lat'><strong>3,</strong></span> <span class='ocrx_word' id='word_1_33' title='bbox 930 351 966 393; x_wconf 88' lang='lat'><strong>7,</strong></span> <span class='ocrx_word' id='word_1_34' title='bbox 981 348 1036 384; x_wconf 88' lang='lat'><strong>19.</strong></span> <span class='ocrx_word' id='word_1_35' title='bbox 1075 347 1218 394; x_wconf 83' lang='lat' dir='ltr'><strong>quidam</strong></span> <span class='ocrx_word' id='word_1_36' title='bbox 1241 347 1281 383; x_wconf 88' lang='lat' dir='ltr'><strong>in</strong></span> <span class='ocrx_word' id='word_1_37' title='bbox 1306 347 1381 385; x_wconf 78' lang='lat' dir='ltr'><strong>div.</strong></span> <span class='ocrx_word' id='word_1_38' title='bbox 1405 350 1473 385; x_wconf 90' lang='lat' dir='ltr'><strong>hos</strong></span> <span class='ocrx_word' id='word_1_39' title='bbox 1490 357 1600 394; x_wconf 87' lang='lat' dir='ltr'><strong>status</strong></span> <span class='ocrx_word' id='word_1_40' title='bbox 1619 363 1700 388; x_wconf 84' lang='lat' dir='ltr'><strong>esse</strong></span> 
     </span>
     <span class='ocr_line' id='line_1_5' title="bbox 195 391 1696 442; baseline 0.005 -16"><span class='ocrx_word' id='word_1_41' title='bbox 195 394 401 428; x_wconf 87' lang='lat' dir='ltr'><strong>maluerunt</strong></span> <span class='ocrx_word' id='word_1_42' title='bbox 425 396 460 436; x_wconf 91' lang='lat'><strong>3,</strong></span> <span class='ocrx_word' id='word_1_43' title='bbox 483 394 520 436; x_wconf 88' lang='lat'><strong>6,</strong></span> <span class='ocrx_word' id='word_1_44' title='bbox 549 395 604 429; x_wconf 86' lang='lat'><strong>55.</strong></span> <span class='ocrx_word' id='word_1_45' title='bbox 630 393 699 427; x_wconf 84' lang='lat' dir='ltr'><strong>alia</strong></span> <span class='ocrx_word' id='word_1_46' title='bbox 722 393 761 427; x_wconf 90' lang='lat' dir='ltr'><strong>in</strong></span> <span class='ocrx_word' id='word_1_47' title='bbox 785 392 859 428; x_wconf 80' lang='lat' dir='ltr'><strong>div.</strong></span> <span class='ocrx_word' id='word_1_48' title='bbox 888 393 1118 442; x_wconf 83' lang='lat' dir='ltr'><strong>ambiguitate</strong></span> <span class='ocrx_word' id='word_1_49' title='bbox 1142 396 1322 429; x_wconf 87' lang='lat' dir='ltr'><strong>ducuntur</strong></span> <span class='ocrx_word' id='word_1_50' title='bbox 1345 397 1403 439; x_wconf 88' lang='grc'><strong>12,</strong></span> <span class='ocrx_word' id='word_1_51' title='bbox 1429 391 1552 440; x_wconf 81' lang='lat'><strong>2,&#39;15.</strong></span> <span class='ocrx_word' id='word_1_52' title='bbox 1588 397 1633 440; x_wconf 87' lang='lat' dir='ltr'><strong>cs.</strong></span> <span class='ocrx_word' id='word_1_53' title='bbox 1660 399 1696 442; x_wconf 87' lang='lat'><strong>5,</strong></span> 
     </span>
     <span class='ocr_line' id='line_1_6' title="bbox 198 440 1698 488; baseline 0.004 -15"><span class='ocrx_word' id='word_1_54' title='bbox 198 441 263 482; x_wconf 90' lang='grc'><strong>10,</strong></span> <span class='ocrx_word' id='word_1_55' title='bbox 298 440 356 475; x_wconf 93' lang='grc'><strong>26.</strong></span> <span class='ocrx_word' id='word_1_56' title='bbox 406 440 503 484; x_wconf 85' lang='lat' dir='ltr'><strong>quod</strong></span> <span class='ocrx_word' id='word_1_57' title='bbox 532 445 568 474; x_wconf 93' lang='lat' dir='ltr'><strong>et</strong></span> <span class='ocrx_word' id='word_1_58' title='bbox 591 440 710 484; x_wconf 88' lang='lat' dir='ltr'><strong>adjuta</strong></span> <span class='ocrx_word' id='word_1_59' title='bbox 736 450 822 473; x_wconf 88' lang='lat' dir='ltr'><strong>cura</strong></span> <span class='ocrx_word' id='word_1_60' title='bbox 844 445 971 474; x_wconf 82' lang='lat' dir='ltr'><strong>natura</strong></span> <span class='ocrx_word' id='word_1_61' title='bbox 993 441 1107 488; x_wconf 86' lang='lat' dir='ltr'><strong>magis</strong></span> <span class='ocrx_word' id='word_1_62' title='bbox 1137 442 1338 484; x_wconf 83' lang='lat' dir='ltr'><strong>evalescat,</strong></span> <span class='ocrx_word' id='word_1_63' title='bbox 1366 447 1421 485; x_wconf 90' lang='lat' dir='ltr'><strong>et,</strong></span> <span class='ocrx_word' id='word_1_64' title='bbox 1455 442 1517 487; x_wconf 86' lang='lat' dir='ltr'><strong>qui</strong></span> <span class='ocrx_word' id='word_1_65' title='bbox 1551 443 1597 478; x_wconf 85' lang='lat' dir='ltr'><strong>in</strong></span> <span class='ocrx_word' id='word_1_66' title='bbox 1630 444 1698 479; x_wconf 88' lang='lat' dir='ltr'><strong>di-</strong></span> 
     </span>
     <span class='ocr_line' id='line_1_7' title="bbox 192 486 1699 534; baseline 0.003 -13"><span class='ocrx_word' id='word_1_67' title='bbox 192 497 337 522; x_wconf 81' lang='lat' dir='ltr'><strong>versa</strong></span> <span class='ocrx_word' id='word_1_68' title='bbox 360 486 532 529; x_wconf 86' lang='lat' dir='ltr'><strong>ducatur,</strong></span> <span class='ocrx_word' id='word_1_69' title='bbox 562 497 681 530; x_wconf 86' lang='lat' dir='ltr'><strong>neque</strong></span> <span class='ocrx_word' id='word_1_70' title='bbox 699 486 738 520; x_wconf 93' lang='lat' dir='ltr'><strong>in</strong></span> <span class='ocrx_word' id='word_1_71' title='bbox 759 486 826 529; x_wconf 87' lang='lat' dir='ltr'><strong>iis,</strong></span> <span class='ocrx_word' id='word_1_72' title='bbox 860 486 988 530; x_wconf 80' lang='lat' dir='ltr'><strong>quibus</strong></span> <span class='ocrx_word' id='word_1_73' title='bbox 1011 494 1114 532; x_wconf 89' lang='lat' dir='ltr'><strong>aptus</strong></span> <span class='ocrx_word' id='word_1_74' title='bbox 1133 493 1207 531; x_wconf 90' lang='lat' dir='ltr'><strong>est,</strong></span> <span class='ocrx_word' id='word_1_75' title='bbox 1234 487 1319 522; x_wconf 85' lang='lat' dir='ltr'><strong>satis</strong></span> <span class='ocrx_word' id='word_1_76' title='bbox 1342 487 1458 533; x_wconf 83' lang='lat' dir='ltr'>possit</span> <span class='ocrx_word' id='word_1_77' title='bbox 1476 489 1635 534; x_wconf 82' lang='lat' dir='ltr'><strong>efficere,</strong></span> <span class='ocrx_word' id='word_1_78' title='bbox 1659 497 1699 525; x_wconf 89' lang='lat' dir='ltr'><strong>et</strong></span> 
     </span>
     <span class='ocr_line' id='line_1_8' title="bbox 195 531 1696 578; baseline 0.003 -12"><span class='ocrx_word' id='word_1_79' title='bbox 195 539 259 566; x_wconf 75' lang='lat' dir='ltr'><strong>etc.</strong></span> <span class='ocrx_word' id='word_1_80' title='bbox 292 535 337 575; x_wconf 84' lang='lat'><strong>2,</strong></span> <span class='ocrx_word' id='word_1_81' title='bbox 361 534 404 575; x_wconf 87' lang='grc'><strong>8,</strong></span> <span class='ocrx_word' id='word_1_82' title='bbox 434 533 467 567; x_wconf 92' lang='grc'><strong>5.</strong></span> <span class='ocrx_word' id='word_1_83' title='bbox 500 531 587 566; x_wconf 83' lang='lat' dir='ltr'><strong>alias</strong></span> <span class='ocrx_word' id='word_1_84' title='bbox 613 531 753 576; x_wconf 80' lang='lat' dir='ltr'><strong>(leges)</strong></span> <span class='ocrx_word' id='word_1_85' title='bbox 779 532 818 566; x_wconf 91' lang='lat' dir='ltr'><strong>in</strong></span> <span class='ocrx_word' id='word_1_86' title='bbox 846 532 1029 568; x_wconf 83' lang='lat' dir='ltr'><strong>diversum</strong></span> <span class='ocrx_word' id='word_1_87' title='bbox 1054 534 1331 578; x_wconf 81' lang='lat' dir='ltr'><strong>interpretamur</strong></span> <span class='ocrx_word' id='word_1_88' title='bbox 1357 536 1402 577; x_wconf 88' lang='lat'><strong>3,</strong></span> <span class='ocrx_word' id='word_1_89' title='bbox 1423 535 1465 577; x_wconf 88' lang='lat'><strong>6,</strong></span> <span class='ocrx_word' id='word_1_90' title='bbox 1488 535 1547 570; x_wconf 87' lang='grc'><strong>87.</strong></span> <span class='ocrx_word' id='word_1_91' title='bbox 1581 536 1696 571; x_wconf 77' lang='lat' dir='ltr'><strong>fusius</strong></span> 
     </span>
     <span class='ocr_line' id='line_1_9' title="bbox 193 576 1697 624; baseline 0.004 -13"><span class='ocrx_word' id='word_1_92' title='bbox 193 579 302 622; x_wconf 89' lang='lat' dir='ltr'><strong>paulo</strong></span> <span class='ocrx_word' id='word_1_93' title='bbox 325 578 365 611; x_wconf 92' lang='lat' dir='ltr'><strong>in</strong></span> <span class='ocrx_word' id='word_1_94' title='bbox 390 579 462 615; x_wconf 84' lang='lat' dir='ltr'><strong>div.</strong></span> <span class='ocrx_word' id='word_1_95' title='bbox 490 579 687 613; x_wconf 80' lang='lat' dir='ltr'><strong>resolvitur</strong></span> <span class='ocrx_word' id='word_1_96' title='bbox 711 576 874 622; x_wconf 84' lang='lat' dir='ltr'><strong>(manus)</strong></span> <span class='ocrx_word' id='word_1_97' title='bbox 908 582 963 623; x_wconf 91' lang='lat'><strong>11,</strong></span> <span class='ocrx_word' id='word_1_98' title='bbox 990 582 1025 624; x_wconf 88' lang='lat'><strong>3,</strong></span> <span class='ocrx_word' id='word_1_99' title='bbox 1051 582 1108 616; x_wconf 89' lang='grc'><strong>97.</strong></span> <span class='ocrx_word' id='word_1_100' title='bbox 1154 585 1208 615; x_wconf 88' lang='lat' dir='ltr'><strong>tot</strong></span> <span class='ocrx_word' id='word_1_101' title='bbox 1231 579 1427 624; x_wconf 87' lang='lat' dir='ltr'><strong>disciplinis</strong></span> <span class='ocrx_word' id='word_1_102' title='bbox 1452 580 1491 614; x_wconf 93' lang='lat' dir='ltr'><strong>in</strong></span> <span class='ocrx_word' id='word_1_103' title='bbox 1514 581 1589 617; x_wconf 79' lang='lat' dir='ltr'><strong>div.</strong></span> <span class='ocrx_word' id='word_1_104' title='bbox 1615 586 1697 616; x_wconf 83' lang='lat' dir='ltr'><strong>ten-</strong></span> 
     </span>
     <span class='ocr_line' id='line_1_10' title="bbox 195 624 1698 672; baseline 0.004 -15"><span class='ocrx_word' id='word_1_105' title='bbox 195 624 361 659; x_wconf 83' lang='lat' dir='ltr'><strong>dentibus</strong></span> <span class='ocrx_word' id='word_1_106' title='bbox 387 627 426 668; x_wconf 89' lang='lat'><strong>1,</strong></span> <span class='ocrx_word' id='word_1_107' title='bbox 457 627 517 668; x_wconf 87' lang='lat'><strong>12,</strong></span> <span class='ocrx_word' id='word_1_108' title='bbox 546 628 578 660; x_wconf 92' lang='lat'><strong>1.</strong></span> <span class='ocrx_word' id='word_1_109' title='bbox 615 631 656 659; x_wconf 87' lang='lat' dir='ltr'><strong>ut</strong></span> <span class='ocrx_word' id='word_1_110' title='bbox 680 626 771 659; x_wconf 89' lang='lat' dir='ltr'><strong>duos</strong></span> <span class='ocrx_word' id='word_1_111' title='bbox 804 625 981 670; x_wconf 88' lang='lat' dir='ltr'><strong>sapientes</strong></span> <span class='ocrx_word' id='word_1_112' title='bbox 1015 627 1206 672; x_wconf 84' lang='lat' dir='ltr'><strong>aliquando</strong></span> <span class='ocrx_word' id='word_1_113' title='bbox 1238 627 1354 671; x_wconf 84' lang='lat' dir='ltr'><strong>justae</strong></span> <span class='ocrx_word' id='word_1_114' title='bbox 1383 637 1512 661; x_wconf 85' lang='lat' dir='ltr'><strong>causae</strong></span> <span class='ocrx_word' id='word_1_115' title='bbox 1545 627 1585 662; x_wconf 83' lang='lat' dir='ltr'><strong>in</strong></span> <span class='ocrx_word' id='word_1_116' title='bbox 1623 627 1698 664; x_wconf 80' lang='lat' dir='ltr'><strong>div.</strong></span> 
     </span>
     <span class='ocr_line' id='line_1_11' title="bbox 193 670 1696 717; baseline 0.003 -13"><span class='ocrx_word' id='word_1_117' title='bbox 193 671 335 704; x_wconf 83' lang='lat' dir='ltr'><strong>trahant</strong></span> <span class='ocrx_word' id='word_1_118' title='bbox 359 673 394 712; x_wconf 83' lang='lat'><strong>2,</strong></span> <span class='ocrx_word' id='word_1_119' title='bbox 422 674 478 715; x_wconf 91' lang='lat'><strong>17,</strong></span> <span class='ocrx_word' id='word_1_120' title='bbox 503 673 561 705; x_wconf 84' lang='lat'><strong>32.</strong></span> <span class='ocrx_word' id='word_1_121' title='bbox 592 670 637 712; x_wconf 87' lang='lat' dir='ltr'><strong>cs.</strong></span> <span class='ocrx_word' id='word_1_122' title='bbox 667 675 703 715; x_wconf 90' lang='lat'><strong>7,</strong></span> <span class='ocrx_word' id='word_1_123' title='bbox 727 674 762 714; x_wconf 84' lang='lat'><strong>2,</strong></span> <span class='ocrx_word' id='word_1_124' title='bbox 787 673 842 706; x_wconf 86' lang='lat'><strong>32.</strong></span> <span class='ocrx_word' id='word_1_125' title='bbox 867 672 1108 717; x_wconf 80' lang='lat' dir='ltr'><strong>amphiboliae</strong></span> <span class='ocrx_word' id='word_1_126' title='bbox 1131 672 1176 706; x_wconf 89' lang='lat' dir='ltr'><strong>lis</strong></span> <span class='ocrx_word' id='word_1_127' title='bbox 1208 672 1254 707; x_wconf 86' lang='lat' dir='ltr'><strong>in</strong></span> <span class='ocrx_word' id='word_1_128' title='bbox 1282 672 1373 709; x_wconf 73' lang='lat' dir='ltr'><strong>div.</strong></span> <span class='ocrx_word' id='word_1_129' title='bbox 1410 672 1539 707; x_wconf 86' lang='lat' dir='ltr'><strong>trahit:</strong></span> <span class='ocrx_word' id='word_1_130' title='bbox 1576 674 1696 717; x_wconf 80' lang='lat' dir='ltr'><strong>legum</strong></span> 
     </span>
     <span class='ocr_line' id='line_1_12' title="bbox 193 717 1696 766; baseline 0.003 -16"><span class='ocrx_word' id='word_1_131' title='bbox 193 717 451 751; x_wconf 87' lang='lat' dir='ltr'><strong>contrariarum</strong></span> <span class='ocrx_word' id='word_1_132' title='bbox 483 729 540 751; x_wconf 78' lang='lat' dir='ltr'><strong>ex</strong></span> <span class='ocrx_word' id='word_1_133' title='bbox 571 718 766 753; x_wconf 83' lang='lat' dir='ltr'><strong>diverso</strong></span> <span class='ocrx_word' id='word_1_134' title='bbox 798 729 916 766; x_wconf 85' lang='lat' dir='ltr'><strong>pugna</strong></span> <span class='ocrx_word' id='word_1_135' title='bbox 951 725 1005 753; x_wconf 88' lang='lat' dir='ltr'><strong>est</strong></span> <span class='ocrx_word' id='word_1_136' title='bbox 1039 723 1086 763; x_wconf 98' lang='lat'><strong>7,</strong></span> <span class='ocrx_word' id='word_1_137' title='bbox 1114 722 1190 763; x_wconf 59' lang='grc' dir='ltr'><strong>10,Υ</strong></span> <span class='ocrx_word' id='word_1_138' title='bbox 1206 721 1242 754; x_wconf 89' lang='grc'><strong>3.</strong></span> <span class='ocrx_word' id='word_1_139' title='bbox 1291 724 1331 754; x_wconf 86' lang='lat' dir='ltr'><strong>ut</strong></span> <span class='ocrx_word' id='word_1_140' title='bbox 1368 719 1488 754; x_wconf 85' lang='lat' dir='ltr'><strong>idem</strong></span> <span class='ocrx_word' id='word_1_141' title='bbox 1523 719 1571 753; x_wconf 90' lang='lat' dir='ltr'><strong>in</strong></span> <span class='ocrx_word' id='word_1_142' title='bbox 1605 720 1696 756; x_wconf 81' lang='lat' dir='ltr'><strong>div.</strong></span> 
     </span>
     <span class='ocr_line' id='line_1_13' title="bbox 189 763 1695 810; baseline 0.002 -12"><span class='ocrx_word' id='word_1_143' title='bbox 189 764 312 798; x_wconf 81' lang='lat' dir='ltr'><strong>valeat</strong></span> <span class='ocrx_word' id='word_1_144' title='bbox 335 765 368 807; x_wconf 98' lang='lat'><strong>5,</strong></span> <span class='ocrx_word' id='word_1_145' title='bbox 388 766 444 806; x_wconf 91' lang='grc'><strong>10,</strong></span> <span class='ocrx_word' id='word_1_146' title='bbox 464 767 522 798; x_wconf 92' lang='grc'><strong>77.</strong></span> <span class='ocrx_word' id='word_1_147' title='bbox 549 763 595 805; x_wconf 87' lang='lat' dir='ltr'><strong>cf.</strong></span> <span class='ocrx_word' id='word_1_148' title='bbox 625 766 669 798; x_wconf 81' lang='lat' dir='ltr'><strong>ib.</strong></span> <span class='ocrx_word' id='word_1_149' title='bbox 691 763 751 800; x_wconf 88' lang='grc'><strong>49.</strong></span> <span class='ocrx_word' id='word_1_150' title='bbox 796 766 837 804; x_wconf 87' lang='lat' dir='ltr'><strong>d)</strong></span> <span class='ocrx_word' id='word_1_151' title='bbox 863 778 911 798; x_wconf 86' lang='lat' dir='ltr'><strong>ex</strong></span> <span class='ocrx_word' id='word_1_152' title='bbox 936 767 1140 800; x_wconf 80' lang='lat' dir='ltr'><strong>diverso:</strong></span> <span class='ocrx_word' id='word_1_153' title='bbox 1164 767 1292 801; x_wconf 77' lang='lat' dir='ltr'><strong>velex</strong></span> <span class='ocrx_word' id='word_1_154' title='bbox 1314 765 1387 801; x_wconf 81' lang='lat' dir='ltr'><strong>div.</strong></span> <span class='ocrx_word' id='word_1_155' title='bbox 1402 766 1448 808; x_wconf 56' lang='grc'><strong>,9,</strong></span> <span class='ocrx_word' id='word_1_156' title='bbox 1465 767 1543 810; x_wconf 82' lang='grc'>3,8.</span> <span class='ocrx_word' id='word_1_157' title='bbox 1565 777 1695 802; x_wconf 75' lang='lat' dir='ltr'><strong>verum</strong></span> 
     </span>
     <span class='ocr_line' id='line_1_14' title="bbox 188 809 1693 857; baseline 0.003 -14"><span class='ocrx_word' id='word_1_158' title='bbox 188 820 237 843; x_wconf 79' lang='lat' dir='ltr'><strong>ex</strong></span> <span class='ocrx_word' id='word_1_159' title='bbox 267 809 342 844; x_wconf 82' lang='lat' dir='ltr'><strong>div.</strong></span> <span class='ocrx_word' id='word_1_160' title='bbox 369 821 514 854; x_wconf 84' lang='lat' dir='ltr'><strong>quoque</strong></span> <span class='ocrx_word' id='word_1_161' title='bbox 537 809 580 853; x_wconf 86' lang='lat'><strong>4,</strong></span> <span class='ocrx_word' id='word_1_162' title='bbox 608 813 647 853; x_wconf 91' lang='lat'><strong>1,</strong></span> <span class='ocrx_word' id='word_1_163' title='bbox 673 812 729 846; x_wconf 91' lang='grc'><strong>29.</strong></span> <span class='ocrx_word' id='word_1_164' title='bbox 757 816 794 845; x_wconf 89' lang='lat' dir='ltr'><strong>et</strong></span> <span class='ocrx_word' id='word_1_165' title='bbox 819 822 868 845; x_wconf 79' lang='lat' dir='ltr'><strong>ex</strong></span> <span class='ocrx_word' id='word_1_166' title='bbox 893 810 965 846; x_wconf 85' lang='lat' dir='ltr'><strong>div.</strong></span> <span class='ocrx_word' id='word_1_167' title='bbox 995 822 1139 857; x_wconf 81' lang='lat' dir='ltr'><strong>quoque</strong></span> <span class='ocrx_word' id='word_1_168' title='bbox 1162 813 1197 855; x_wconf 88' lang='lat'><strong>9,</strong></span> <span class='ocrx_word' id='word_1_169' title='bbox 1226 810 1263 856; x_wconf 85' lang='lat'><strong>4,</strong></span> <span class='ocrx_word' id='word_1_170' title='bbox 1288 810 1346 846; x_wconf 87' lang='lat'><strong>42.</strong></span> <span class='ocrx_word' id='word_1_171' title='bbox 1374 812 1494 855; x_wconf 89' lang='lat' dir='ltr'><strong>ratio,</strong></span> <span class='ocrx_word' id='word_1_172' title='bbox 1529 812 1693 856; x_wconf 77' lang='lat' dir='ltr'><strong>quamvis</strong></span> 
     </span>
     <span class='ocr_line' id='line_1_15' title="bbox 190 855 1692 902; baseline 0.001 -12"><span class='ocrx_word' id='word_1_173' title='bbox 190 866 249 890; x_wconf 89' lang='lat' dir='ltr'><strong>ex</strong></span> <span class='ocrx_word' id='word_1_174' title='bbox 274 855 383 899; x_wconf 88' lang='lat' dir='ltr'><strong>div.,</strong></span> <span class='ocrx_word' id='word_1_175' title='bbox 413 857 573 890; x_wconf 86' lang='lat' dir='ltr'><strong>eadem</strong></span> <span class='ocrx_word' id='word_1_176' title='bbox 601 862 655 891; x_wconf 88' lang='lat' dir='ltr'><strong>est</strong></span> <span class='ocrx_word' id='word_1_177' title='bbox 679 858 713 899; x_wconf 87' lang='lat'><strong>5,</strong></span> <span class='ocrx_word' id='word_1_178' title='bbox 743 859 800 900; x_wconf 92' lang='lat'><strong>10,</strong></span> <span class='ocrx_word' id='word_1_179' title='bbox 828 856 887 892; x_wconf 66' lang='lat'><strong>64.</strong></span> <span class='ocrx_word' id='word_1_180' title='bbox 911 868 986 892; x_wconf 91' lang='lat' dir='ltr'><strong>non</strong></span> <span class='ocrx_word' id='word_1_181' title='bbox 1012 869 1065 892; x_wconf 83' lang='lat' dir='ltr'><strong>ex</strong></span> <span class='ocrx_word' id='word_1_182' title='bbox 1091 858 1276 902; x_wconf 72' lang='lat' dir='ltr'><strong>eodem,</strong></span> <span class='ocrx_word' id='word_1_183' title='bbox 1309 858 1373 892; x_wconf 91' lang='lat' dir='ltr'><strong>sed</strong></span> <span class='ocrx_word' id='word_1_184' title='bbox 1397 869 1456 892; x_wconf 82' lang='lat' dir='ltr'><strong>ex</strong></span> <span class='ocrx_word' id='word_1_185' title='bbox 1479 857 1588 901; x_wconf 63' lang='lat' dir='ltr'><strong>div„</strong></span> <span class='ocrx_word' id='word_1_186' title='bbox 1622 858 1692 894; x_wconf 84' lang='lat' dir='ltr'><strong>vi-</strong></span> 
     </span>
     <span class='ocr_line' id='line_1_16' title="bbox 190 900 1693 950; baseline 0.003 -15"><span class='ocrx_word' id='word_1_187' title='bbox 190 900 347 935; x_wconf 86' lang='lat' dir='ltr'><strong>cinum</strong></span> <span class='ocrx_word' id='word_1_188' title='bbox 372 902 546 946; x_wconf 82' lang='lat' dir='ltr'><strong>accipitur</strong></span> <span class='ocrx_word' id='word_1_189' title='bbox 569 904 604 946; x_wconf 90' lang='lat'><strong>9,</strong></span> <span class='ocrx_word' id='word_1_190' title='bbox 630 905 664 947; x_wconf 84' lang='lat'><strong>3,</strong></span> <span class='ocrx_word' id='word_1_191' title='bbox 687 904 744 938; x_wconf 90' lang='lat'><strong>68.</strong></span> <span class='ocrx_word' id='word_1_192' title='bbox 776 905 822 938; x_wconf 84' lang='lat' dir='ltr'><strong>N.</strong></span> <span class='ocrx_word' id='word_1_193' title='bbox 849 903 924 949; x_wconf 79' lang='lat' dir='ltr'><strong>[cs.</strong></span> <span class='ocrx_word' id='word_1_194' title='bbox 955 905 1042 938; x_wconf 83' lang='lat' dir='ltr'><strong>Tac.</strong></span> <span class='ocrx_word' id='word_1_195' title='bbox 1069 903 1167 938; x_wconf 87' lang='lat' dir='ltr'><strong>Ann.</strong></span> <span class='ocrx_word' id='word_1_196' title='bbox 1196 904 1262 948; x_wconf 85' lang='lat' dir='ltr'><strong>lv,</strong></span> <span class='ocrx_word' id='word_1_197' title='bbox 1285 905 1342 939; x_wconf 87' lang='grc'><strong>33.</strong></span> <span class='ocrx_word' id='word_1_198' title='bbox 1372 903 1488 938; x_wconf 82' lang='lat' dir='ltr'><strong>Etiam</strong></span> <span class='ocrx_word' id='word_1_199' title='bbox 1514 903 1627 950; x_wconf 81' lang='lat' dir='ltr'><strong>gloria</strong></span> <span class='ocrx_word' id='word_1_200' title='bbox 1649 915 1693 939; x_wconf 85' lang='lat' dir='ltr'><strong>ac</strong></span> 
     </span>
     <span class='ocr_line' id='line_1_17' title="bbox 188 947 1692 997; baseline 0.001 -14"><span class='ocrx_word' id='word_1_201' title='bbox 188 947 305 983; x_wconf 78' lang='lat' dir='ltr'><strong>virtus</strong></span> <span class='ocrx_word' id='word_1_202' title='bbox 328 948 492 983; x_wconf 81' lang='lat' dir='ltr'><strong>infensos</strong></span> <span class='ocrx_word' id='word_1_203' title='bbox 517 949 645 991; x_wconf 90' lang='lat' dir='ltr'><strong>habet,</strong></span> <span class='ocrx_word' id='word_1_204' title='bbox 674 955 714 983; x_wconf 91' lang='lat' dir='ltr'><strong>ut</strong></span> <span class='ocrx_word' id='word_1_205' title='bbox 736 949 842 983; x_wconf 87' lang='lat' dir='ltr'><strong>nimis</strong></span> <span class='ocrx_word' id='word_1_206' title='bbox 870 961 929 984; x_wconf 81' lang='lat' dir='ltr'><strong>ex</strong></span> <span class='ocrx_word' id='word_1_207' title='bbox 963 950 1243 995; x_wconf 82' lang='lat' dir='ltr'><strong>propinquo</strong></span> <span class='ocrx_word' id='word_1_208' title='bbox 1277 950 1467 985; x_wconf 85' lang='lat' dir='ltr'><strong>diversa</strong></span> <span class='ocrx_word' id='word_1_209' title='bbox 1499 948 1692 997; x_wconf 60' lang='lat' dir='ltr'><strong>arguerim]</strong></span> 
     </span>
     <span class='ocr_line' id='line_1_18' title="bbox 189 993 1692 1040; baseline 0.001 -11"><span class='ocrx_word' id='word_1_210' title='bbox 189 993 305 1029; x_wconf 84' lang='lat' dir='ltr'><strong>virtus</strong></span> <span class='ocrx_word' id='word_1_211' title='bbox 332 1006 380 1029; x_wconf 83' lang='lat' dir='ltr'><strong>ex</strong></span> <span class='ocrx_word' id='word_1_212' title='bbox 405 995 494 1030; x_wconf 87' lang='lat' dir='ltr'><strong>div.</strong></span> <span class='ocrx_word' id='word_1_213' title='bbox 518 1007 601 1040; x_wconf 87' lang='lat' dir='ltr'><strong>par</strong></span> <span class='ocrx_word' id='word_1_214' title='bbox 625 997 660 1038; x_wconf 89' lang='lat'><strong>8,</strong></span> <span class='ocrx_word' id='word_1_215' title='bbox 684 997 720 1039; x_wconf 92' lang='lat'><strong>6,</strong></span> <span class='ocrx_word' id='word_1_216' title='bbox 744 996 800 1031; x_wconf 90' lang='lat'><strong>67.</strong></span> <span class='ocrx_word' id='word_1_217' title='bbox 827 996 1032 1031; x_wconf 85' lang='lat' dir='ltr'><strong>nominibus</strong></span> <span class='ocrx_word' id='word_1_218' title='bbox 1057 1008 1105 1031; x_wconf 85' lang='lat' dir='ltr'><strong>ex</strong></span> <span class='ocrx_word' id='word_1_219' title='bbox 1129 997 1204 1033; x_wconf 81' lang='lat' dir='ltr'><strong>div.</strong></span> <span class='ocrx_word' id='word_1_220' title='bbox 1230 996 1416 1031; x_wconf 86' lang='lat' dir='ltr'><strong>collocatis</strong></span> <span class='ocrx_word' id='word_1_221' title='bbox 1443 997 1479 1039; x_wconf 88' lang='lat'><strong>9,</strong></span> <span class='ocrx_word' id='word_1_222' title='bbox 1493 999 1529 1040; x_wconf 88' lang='lat'><strong>3,</strong></span> <span class='ocrx_word' id='word_1_223' title='bbox 1553 996 1610 1031; x_wconf 87' lang='lat'><strong>86.</strong></span> <span class='ocrx_word' id='word_1_224' title='bbox 1633 997 1692 1031; x_wconf 87' lang='lat' dir='ltr'><strong>le-</strong></span> 
     </span>
     <span class='ocr_line' id='line_1_19' title="bbox 187 1041 1693 1089; baseline 0.002 -15"><span class='ocrx_word' id='word_1_225' title='bbox 187 1051 272 1087; x_wconf 87' lang='lat' dir='ltr'><strong>gum</strong></span> <span class='ocrx_word' id='word_1_226' title='bbox 296 1041 554 1076; x_wconf 87' lang='lat' dir='ltr'><strong>contrariarmn</strong></span> <span class='ocrx_word' id='word_1_227' title='bbox 578 1053 626 1076; x_wconf 82' lang='lat' dir='ltr'><strong>ex</strong></span> <span class='ocrx_word' id='word_1_228' title='bbox 651 1042 724 1077; x_wconf 82' lang='lat' dir='ltr'><strong>div.</strong></span> <span class='ocrx_word' id='word_1_229' title='bbox 751 1053 870 1089; x_wconf 87' lang='lat' dir='ltr'><strong>pugna</strong></span> <span class='ocrx_word' id='word_1_230' title='bbox 898 1049 954 1077; x_wconf 90' lang='lat' dir='ltr'><strong>est</strong></span> <span class='ocrx_word' id='word_1_231' title='bbox 975 1045 1010 1087; x_wconf 87' lang='lat'><strong>7,</strong></span> <span class='ocrx_word' id='word_1_232' title='bbox 1037 1045 1093 1086; x_wconf 91' lang='lat'><strong>10,</strong></span> <span class='ocrx_word' id='word_1_233' title='bbox 1121 1046 1163 1087; x_wconf 77' lang='lat'><strong>33</strong></span> <span class='ocrx_word' id='word_1_234' title='bbox 1196 1053 1255 1078; x_wconf 85' lang='lat' dir='ltr'><strong>ex</strong></span> <span class='ocrx_word' id='word_1_235' title='bbox 1279 1042 1495 1078; x_wconf 75' lang='lat' dir='ltr'><strong>diversis</strong></span> <span class='ocrx_word' id='word_1_236' title='bbox 1520 1047 1693 1089; x_wconf 80' lang='lat' dir='ltr'><strong>congesta</strong></span> 
     </span>
     <span class='ocr_line' id='line_1_20' title="bbox 190 1087 1691 1132; baseline 0.002 -12"><span class='ocrx_word' id='word_1_237' title='bbox 190 1087 306 1121; x_wconf 85' lang='lat' dir='ltr'><strong>oratio</strong></span> <span class='ocrx_word' id='word_1_238' title='bbox 330 1091 366 1131; x_wconf 84' lang='lat'><strong>2,</strong></span> <span class='ocrx_word' id='word_1_239' title='bbox 395 1091 452 1131; x_wconf 90' lang='lat'><strong>11,</strong></span> <span class='ocrx_word' id='word_1_240' title='bbox 479 1092 515 1123; x_wconf 88' lang='grc'><strong>7.</strong></span> <span class='ocrx_word' id='word_1_241' title='bbox 553 1099 620 1122; x_wconf 88' lang='lat' dir='ltr'><strong>nec</strong></span> <span class='ocrx_word' id='word_1_242' title='bbox 650 1089 873 1123; x_wconf 78' lang='lat' dir='ltr'><strong>confundent</strong></span> <span class='ocrx_word' id='word_1_243' title='bbox 907 1101 956 1123; x_wconf 79' lang='lat' dir='ltr'><strong>ex</strong></span> <span class='ocrx_word' id='word_1_244' title='bbox 990 1089 1144 1125; x_wconf 88' lang='lat' dir='ltr'><strong>diversis</strong></span> <span class='ocrx_word' id='word_1_245' title='bbox 1177 1089 1378 1124; x_wconf 89' lang='lat' dir='ltr'><strong>orationem</strong></span> <span class='ocrx_word' id='word_1_246' title='bbox 1415 1090 1478 1131; x_wconf 90' lang='lat'><strong>10,</strong></span> <span class='ocrx_word' id='word_1_247' title='bbox 1503 1091 1547 1132; x_wconf 96' lang='grc'><strong>7,</strong></span> <span class='ocrx_word' id='word_1_248' title='bbox 1573 1089 1611 1124; x_wconf 89' lang='grc'><strong>6.</strong></span> <span class='ocrx_word' id='word_1_249' title='bbox 1641 1099 1691 1123; x_wconf 82' lang='lat' dir='ltr'><strong>ex</strong></span> 
     </span>
     <span class='ocr_line' id='line_1_21' title="bbox 188 1133 1690 1178; baseline 0.003 -12"><span class='ocrx_word' id='word_1_250' title='bbox 188 1134 279 1170; x_wconf 79' lang='lat' dir='ltr'><strong>div.</strong></span> <span class='ocrx_word' id='word_1_251' title='bbox 304 1133 422 1168; x_wconf 88' lang='lat' dir='ltr'><strong>idem</strong></span> <span class='ocrx_word' id='word_1_252' title='bbox 450 1135 607 1168; x_wconf 87' lang='lat' dir='ltr'><strong>ostendit</strong></span> <span class='ocrx_word' id='word_1_253' title='bbox 630 1135 664 1177; x_wconf 87' lang='grc'><strong>5,</strong></span> <span class='ocrx_word' id='word_1_254' title='bbox 684 1137 741 1178; x_wconf 93' lang='grc'><strong>10,</strong></span> <span class='ocrx_word' id='word_1_255' title='bbox 767 1136 824 1171; x_wconf 90' lang='grc'><strong>79.</strong></span> <span class='ocrx_word' id='word_1_256' title='bbox 865 1136 959 1169; x_wconf 87' lang='lat' dir='ltr'><strong>Illud</strong></span> <span class='ocrx_word' id='word_1_257' title='bbox 983 1136 1142 1171; x_wconf 84' lang='lat' dir='ltr'><strong>notabile</strong></span> <span class='ocrx_word' id='word_1_258' title='bbox 1165 1147 1213 1170; x_wconf 84' lang='lat' dir='ltr'><strong>ex</strong></span> <span class='ocrx_word' id='word_1_259' title='bbox 1236 1135 1400 1178; x_wconf 80' lang='lat' dir='ltr'><strong>diversis,</strong></span> <span class='ocrx_word' id='word_1_260' title='bbox 1433 1135 1536 1170; x_wconf 88' lang='lat' dir='ltr'><strong>Mors</strong></span> <span class='ocrx_word' id='word_1_261' title='bbox 1557 1133 1690 1170; x_wconf 82' lang='lat' dir='ltr'><strong>misera</strong></span> 
     </span>
     <span class='ocr_line' id='line_1_22' title="bbox 185 1179 1690 1227; baseline 0.002 -15"><span class='ocrx_word' id='word_1_262' title='bbox 185 1189 263 1213; x_wconf 85' lang='lat' dir='ltr'><strong>non</strong></span> <span class='ocrx_word' id='word_1_263' title='bbox 290 1185 367 1222; x_wconf 86' lang='lat' dir='ltr'><strong>est,</strong></span> <span class='ocrx_word' id='word_1_264' title='bbox 393 1179 507 1213; x_wconf 83' lang='lat' dir='ltr'><strong>aditus</strong></span> <span class='ocrx_word' id='word_1_265' title='bbox 531 1181 575 1213; x_wconf 84' lang='lat' dir='ltr'><strong>ad</strong></span> <span class='ocrx_word' id='word_1_266' title='bbox 598 1186 752 1214; x_wconf 88' lang='lat' dir='ltr'><strong>mortem</strong></span> <span class='ocrx_word' id='word_1_267' title='bbox 777 1186 832 1215; x_wconf 89' lang='lat' dir='ltr'><strong>est</strong></span> <span class='ocrx_word' id='word_1_268' title='bbox 859 1181 970 1215; x_wconf 91' lang='lat' dir='ltr'><strong>miser</strong></span> <span class='ocrx_word' id='word_1_269' title='bbox 994 1184 1030 1225; x_wconf 89' lang='lat'><strong>8,</strong></span> <span class='ocrx_word' id='word_1_270' title='bbox 1058 1182 1092 1224; x_wconf 86' lang='lat'><strong>5,</strong></span> <span class='ocrx_word' id='word_1_271' title='bbox 1117 1183 1150 1217; x_wconf 89' lang='lat'><strong>5.</strong></span> <span class='ocrx_word' id='word_1_272' title='bbox 1195 1183 1239 1227; x_wconf 80' lang='grc' dir='ltr'><strong>β)</strong></span> <span class='ocrx_word' id='word_1_273' title='bbox 1265 1195 1294 1216; x_wconf 81' lang='lat' dir='ltr'><strong>c.</strong></span> <span class='ocrx_word' id='word_1_274' title='bbox 1328 1183 1520 1216; x_wconf 78' lang='lat' dir='ltr'><strong>Nominib..·</strong></span> <span class='ocrx_word' id='word_1_275' title='bbox 1567 1179 1605 1224; x_wconf 82' lang='lat' dir='ltr'><strong>a)</strong></span> <span class='ocrx_word' id='word_1_276' title='bbox 1633 1180 1690 1215; x_wconf 86' lang='lat' dir='ltr'><strong>di-</strong></span> 
     </span>
     <span class='ocr_line' id='line_1_23' title="bbox 183 1224 1688 1270; baseline 0 -10"><span class='ocrx_word' id='word_1_277' title='bbox 183 1224 284 1260; x_wconf 85' lang='lat' dir='ltr'><strong>versi</strong></span> <span class='ocrx_word' id='word_1_278' title='bbox 314 1231 481 1260; x_wconf 86' lang='lat' dir='ltr'><strong>auctores</strong></span> <span class='ocrx_word' id='word_1_279' title='bbox 510 1227 638 1260; x_wconf 89' lang='lat' dir='ltr'><strong>eodem</strong></span> <span class='ocrx_word' id='word_1_280' title='bbox 662 1227 773 1260; x_wconf 91' lang='lat' dir='ltr'><strong>modo</strong></span> <span class='ocrx_word' id='word_1_281' title='bbox 806 1226 934 1260; x_wconf 89' lang='lat' dir='ltr'><strong>finiunt</strong></span> <span class='ocrx_word' id='word_1_282' title='bbox 972 1227 1013 1269; x_wconf 88' lang='lat'><strong>5,</strong></span> <span class='ocrx_word' id='word_1_283' title='bbox 1047 1230 1109 1270; x_wconf 92' lang='lat'><strong>10,</strong></span> <span class='ocrx_word' id='word_1_284' title='bbox 1141 1228 1174 1262; x_wconf 89' lang='grc'><strong>8.</strong></span> <span class='ocrx_word' id='word_1_285' title='bbox 1211 1227 1355 1262; x_wconf 83' lang='lat' dir='ltr'><strong>diversa</strong></span> <span class='ocrx_word' id='word_1_286' title='bbox 1394 1238 1470 1261; x_wconf 92' lang='lat' dir='ltr'><strong>non</strong></span> <span class='ocrx_word' id='word_1_287' title='bbox 1501 1238 1688 1261; x_wconf 80' lang='lat' dir='ltr'><strong>causarum</strong></span> 
     </span>
     <span class='ocr_line' id='line_1_24' title="bbox 186 1271 1687 1316; baseline 0.001 -11"><span class='ocrx_word' id='word_1_288' title='bbox 186 1272 299 1305; x_wconf 91' lang='lat' dir='ltr'><strong>modo</strong></span> <span class='ocrx_word' id='word_1_289' title='bbox 322 1271 455 1306; x_wconf 88' lang='lat' dir='ltr'><strong>inter</strong></span> <span class='ocrx_word' id='word_1_290' title='bbox 478 1272 574 1316; x_wconf 88' lang='lat' dir='ltr'><strong>ipsas</strong></span> <span class='ocrx_word' id='word_1_291' title='bbox 602 1272 770 1306; x_wconf 90' lang='lat' dir='ltr'><strong>condicio</strong></span> <span class='ocrx_word' id='word_1_292' title='bbox 795 1274 852 1315; x_wconf 92' lang='lat'><strong>10,</strong></span> <span class='ocrx_word' id='word_1_293' title='bbox 877 1275 912 1315; x_wconf 85' lang='grc'><strong>2,</strong></span> <span class='ocrx_word' id='word_1_294' title='bbox 936 1274 982 1306; x_wconf 87' lang='grc'><strong>23</strong></span> <span class='ocrx_word' id='word_1_295' title='bbox 1007 1274 1057 1306; x_wconf 89' lang='grc' dir='ltr'><strong>Ν.</strong></span> <span class='ocrx_word' id='word_1_296' title='bbox 1083 1287 1129 1307; x_wconf 85' lang='lat' dir='ltr'><strong>cr.</strong></span> <span class='ocrx_word' id='word_1_297' title='bbox 1154 1283 1209 1307; x_wconf 84' lang='lat' dir='ltr'><strong>ex</strong></span> <span class='ocrx_word' id='word_1_298' title='bbox 1233 1273 1445 1308; x_wconf 81' lang='lat' dir='ltr'><strong>diversis</strong></span> <span class='ocrx_word' id='word_1_299' title='bbox 1471 1272 1687 1307; x_wconf 85' lang='lat' dir='ltr'><strong>clamoribus</strong></span> 
     </span>
     <span class='ocr_line' id='line_1_25' title="bbox 185 1317 1686 1363; baseline 0.001 -12"><span class='ocrx_word' id='word_1_300' title='bbox 185 1329 303 1351; x_wconf 88' lang='lat' dir='ltr'><strong>unus</strong></span> <span class='ocrx_word' id='word_1_301' title='bbox 329 1317 474 1362; x_wconf 86' lang='lat' dir='ltr'><strong>quidam</strong></span> <span class='ocrx_word' id='word_1_302' title='bbox 497 1329 606 1352; x_wconf 90' lang='lat' dir='ltr'><strong>sonus</strong></span> <span class='ocrx_word' id='word_1_303' title='bbox 633 1320 668 1362; x_wconf 89' lang='lat'><strong>8,</strong></span> <span class='ocrx_word' id='word_1_304' title='bbox 695 1320 728 1362; x_wconf 87' lang='lat'><strong>3,</strong></span> <span class='ocrx_word' id='word_1_305' title='bbox 755 1319 812 1353; x_wconf 87' lang='lat'><strong>68.</strong></span> <span class='ocrx_word' id='word_1_306' title='bbox 846 1318 1040 1354; x_wconf 81' lang='lat' dir='ltr'><strong>diversa</strong></span> <span class='ocrx_word' id='word_1_307' title='bbox 1063 1318 1208 1363; x_wconf 84' lang='lat' dir='ltr'><strong>quidem</strong></span> <span class='ocrx_word' id='word_1_308' title='bbox 1234 1320 1299 1353; x_wconf 89' lang='lat' dir='ltr'><strong>sed</strong></span> <span class='ocrx_word' id='word_1_309' title='bbox 1323 1318 1427 1363; x_wconf 86' lang='lat' dir='ltr'><strong>pari</strong></span> <span class='ocrx_word' id='word_1_310' title='bbox 1458 1318 1686 1353; x_wconf 78' lang='lat' dir='ltr'><strong>deformitate</strong></span> 
     </span>
     <span class='ocr_line' id='line_1_26' title="bbox 185 1363 1684 1412; baseline 0.001 -14"><span class='ocrx_word' id='word_1_311' title='bbox 185 1366 244 1407; x_wconf 91' lang='lat'><strong>11,</strong></span> <span class='ocrx_word' id='word_1_312' title='bbox 269 1366 303 1406; x_wconf 87' lang='grc'><strong>3,</strong></span> <span class='ocrx_word' id='word_1_313' title='bbox 329 1366 386 1399; x_wconf 88' lang='grc'><strong>82.</strong></span> <span class='ocrx_word' id='word_1_314' title='bbox 426 1376 474 1399; x_wconf 80' lang='lat' dir='ltr'><strong>ex</strong></span> <span class='ocrx_word' id='word_1_315' title='bbox 498 1364 712 1400; x_wconf 86' lang='lat' dir='ltr'><strong>diversis</strong></span> <span class='ocrx_word' id='word_1_316' title='bbox 740 1363 924 1398; x_wconf 86' lang='lat' dir='ltr'><strong>effectibus</strong></span> <span class='ocrx_word' id='word_1_317' title='bbox 942 1365 989 1397; x_wconf 59' lang='lat' dir='ltr'><strong>&gt;fit</strong></span> <span class='ocrx_word' id='word_1_318' title='bbox 1013 1375 1102 1399; x_wconf 89' lang='lat' dir='ltr'><strong>una</strong></span> <span class='ocrx_word' id='word_1_319' title='bbox 1128 1364 1286 1399; x_wconf 83' lang='lat' dir='ltr'><strong>mixtura</strong></span> <span class='ocrx_word' id='word_1_320' title='bbox 1309 1368 1351 1409; x_wconf 89' lang='lat'><strong>1,</strong></span> <span class='ocrx_word' id='word_1_321' title='bbox 1377 1367 1443 1407; x_wconf 92' lang='lat'><strong>10,</strong></span> <span class='ocrx_word' id='word_1_322' title='bbox 1469 1364 1504 1399; x_wconf 91' lang='lat'><strong>6.</strong></span> <span class='ocrx_word' id='word_1_323' title='bbox 1539 1365 1684 1412; x_wconf 86' lang='lat' dir='ltr'><strong>longe</strong></span> 
     </span>
     <span class='ocr_line' id='line_1_27' title="bbox 186 1409 1687 1457; baseline 0.002 -14"><span class='ocrx_word' id='word_1_324' title='bbox 186 1410 262 1446; x_wconf 82' lang='lat' dir='ltr'><strong>div.</strong></span> <span class='ocrx_word' id='word_1_325' title='bbox 287 1411 417 1457; x_wconf 86' lang='lat' dir='ltr'><strong>figuras</strong></span> <span class='ocrx_word' id='word_1_326' title='bbox 443 1414 476 1454; x_wconf 93' lang='lat'><strong>1,</strong></span> <span class='ocrx_word' id='word_1_327' title='bbox 501 1412 537 1454; x_wconf 92' lang='lat'><strong>6,</strong></span> <span class='ocrx_word' id='word_1_328' title='bbox 563 1411 621 1446; x_wconf 82' lang='lat'><strong>25.</strong></span> <span class='ocrx_word' id='word_1_329' title='bbox 649 1410 688 1444; x_wconf 95' lang='lat' dir='ltr'><strong>in</strong></span> <span class='ocrx_word' id='word_1_330' title='bbox 712 1410 786 1446; x_wconf 82' lang='lat' dir='ltr'><strong>div.</strong></span> <span class='ocrx_word' id='word_1_331' title='bbox 811 1411 928 1444; x_wconf 78' lang='lat' dir='ltr'><strong>flexus</strong></span> <span class='ocrx_word' id='word_1_332' title='bbox 953 1416 1039 1444; x_wconf 83' lang='lat' dir='ltr'><strong>eunt</strong></span> <span class='ocrx_word' id='word_1_333' title='bbox 1061 1409 1200 1455; x_wconf 80' lang='lat' dir='ltr'><strong>(verba)</strong></span> <span class='ocrx_word' id='word_1_334' title='bbox 1228 1414 1267 1454; x_wconf 94' lang='lat'><strong>1,</strong></span> <span class='ocrx_word' id='word_1_335' title='bbox 1290 1411 1332 1454; x_wconf 93' lang='lat'><strong>6,</strong></span> <span class='ocrx_word' id='word_1_336' title='bbox 1362 1411 1406 1446; x_wconf 79' lang='lat'><strong>¹5</strong></span> <span class='ocrx_word' id='word_1_337' title='bbox 1434 1414 1478 1444; x_wconf 93' lang='grc' dir='ltr'><strong>Ζ.</strong></span> <span class='ocrx_word' id='word_1_338' title='bbox 1507 1409 1582 1446; x_wconf 84' lang='lat' dir='ltr'><strong>div.</strong></span> <span class='ocrx_word' id='word_1_339' title='bbox 1608 1422 1687 1446; x_wconf 87' lang='lat' dir='ltr'><strong>ser-</strong></span> 
     </span>
     <span class='ocr_line' id='line_1_28' title="bbox 183 1455 1684 1503; baseline 0.002 -13"><span class='ocrx_word' id='word_1_340' title='bbox 183 1456 301 1491; x_wconf 88' lang='lat' dir='ltr'><strong>monis</strong></span> <span class='ocrx_word' id='word_1_341' title='bbox 323 1459 443 1491; x_wconf 86' lang='lat' dir='ltr'><strong>forma</strong></span> <span class='ocrx_word' id='word_1_342' title='bbox 465 1459 501 1501; x_wconf 89' lang='lat'><strong>9,</strong></span> <span class='ocrx_word' id='word_1_343' title='bbox 529 1459 565 1501; x_wconf 84' lang='lat'><strong>3,</strong></span> <span class='ocrx_word' id='word_1_344' title='bbox 588 1456 647 1492; x_wconf 89' lang='lat'><strong>64.</strong></span> <span class='ocrx_word' id='word_1_345' title='bbox 674 1456 752 1492; x_wconf 82' lang='lat' dir='ltr'><strong>sive</strong></span> <span class='ocrx_word' id='word_1_346' title='bbox 777 1462 860 1490; x_wconf 88' lang='lat' dir='ltr'><strong>suut</strong></span> <span class='ocrx_word' id='word_1_347' title='bbox 883 1457 1093 1500; x_wconf 88' lang='lat' dir='ltr'><strong>ejusdem</strong></span> <span class='ocrx_word' id='word_1_348' title='bbox 1125 1457 1289 1503; x_wconf 86' lang='lat' dir='ltr'><strong>generis,</strong></span> <span class='ocrx_word' id='word_1_349' title='bbox 1319 1456 1398 1492; x_wconf 80' lang='lat' dir='ltr'><strong>sive</strong></span> <span class='ocrx_word' id='word_1_350' title='bbox 1431 1455 1509 1492; x_wconf 81' lang='lat' dir='ltr'><strong>div</strong></span> <span class='ocrx_word' id='word_1_351' title='bbox 1521 1456 1616 1491; x_wconf 88' lang='lat' dir='ltr'><strong>ersi</strong></span> <span class='ocrx_word' id='word_1_352' title='bbox 1647 1461 1684 1502; x_wconf 89' lang='grc'>7,</span> 
     </span>
     <span class='ocr_line' id='line_1_29' title="bbox 184 1502 1684 1551; baseline 0.001 -14"><span class='ocrx_word' id='word_1_353' title='bbox 184 1505 218 1547; x_wconf 90' lang='grc'><strong>1,</strong></span> <span class='ocrx_word' id='word_1_354' title='bbox 248 1506 304 1538; x_wconf 88' lang='grc'><strong>17.</strong></span> <span class='ocrx_word' id='word_1_355' title='bbox 330 1502 375 1544; x_wconf 83' lang='lat' dir='ltr'><strong>cs.</strong></span> <span class='ocrx_word' id='word_1_356' title='bbox 401 1507 436 1547; x_wconf 88' lang='lat'><strong>7,</strong></span> <span class='ocrx_word' id='word_1_357' title='bbox 461 1506 496 1547; x_wconf 90' lang='lat'><strong>3,</strong></span> <span class='ocrx_word' id='word_1_358' title='bbox 521 1507 556 1538; x_wconf 93' lang='lat'><strong>7.</strong></span> <span class='ocrx_word' id='word_1_359' title='bbox 581 1503 620 1537; x_wconf 92' lang='lat' dir='ltr'><strong>in</strong></span> <span class='ocrx_word' id='word_1_360' title='bbox 644 1502 717 1539; x_wconf 84' lang='lat' dir='ltr'><strong>div.</strong></span> <span class='ocrx_word' id='word_1_361' title='bbox 742 1514 875 1551; x_wconf 85' lang='lat' dir='ltr'><strong>genere</strong></span> <span class='ocrx_word' id='word_1_362' title='bbox 899 1502 1042 1537; x_wconf 89' lang='lat' dir='ltr'><strong>dicendi</strong></span> <span class='ocrx_word' id='word_1_363' title='bbox 1069 1505 1125 1542; x_wconf 88' lang='grc'><strong>10,</strong></span> <span class='ocrx_word' id='word_1_364' title='bbox 1151 1506 1183 1542; x_wconf 86' lang='grc'><strong>1,</strong></span> <span class='ocrx_word' id='word_1_365' title='bbox 1211 1505 1268 1539; x_wconf 92' lang='grc'><strong>79.</strong></span> <span class='ocrx_word' id='word_1_366' title='bbox 1295 1502 1430 1538; x_wconf 83' lang='lat' dir='ltr'><strong>diversi</strong></span> <span class='ocrx_word' id='word_1_367' title='bbox 1451 1508 1535 1537; x_wconf 89' lang='lat' dir='ltr'><strong>sunt</strong></span> <span class='ocrx_word' id='word_1_368' title='bbox 1555 1502 1596 1537; x_wconf 80' lang='lat' dir='ltr'><strong>hi</strong></span> <span class='ocrx_word' id='word_1_369' title='bbox 1618 1514 1684 1551; x_wconf 89' lang='lat' dir='ltr'><strong>ge-</strong></span> 
     </span>
     <span class='ocr_line' id='line_1_30' title="bbox 184 1548 1683 1593; baseline 0.001 -10"><span class='ocrx_word' id='word_1_370' title='bbox 184 1555 281 1593; x_wconf 81' lang='lat' dir='ltr'><strong>stus,</strong></span> <span class='ocrx_word' id='word_1_371' title='bbox 313 1549 392 1585; x_wconf 85' lang='lat' dir='ltr'><strong>sive</strong></span> <span class='ocrx_word' id='word_1_372' title='bbox 418 1568 463 1575; x_wconf 91' lang='lat'><strong>--</strong></span> <span class='ocrx_word' id='word_1_373' title='bbox 487 1549 567 1585; x_wconf 83' lang='lat' dir='ltr'><strong>sive</strong></span> <span class='ocrx_word' id='word_1_374' title='bbox 591 1557 653 1584; x_wconf 71' lang='lat' dir='ltr'><strong>etc.</strong></span> <span class='ocrx_word' id='word_1_375' title='bbox 684 1551 748 1593; x_wconf 89' lang='lat'><strong>11,</strong></span> <span class='ocrx_word' id='word_1_376' title='bbox 775 1551 820 1589; x_wconf 87' lang='lat'><strong>3,</strong></span> <span class='ocrx_word' id='word_1_377' title='bbox 849 1551 927 1584; x_wconf 89' lang='grc'><strong>115.</strong></span> <span class='ocrx_word' id='word_1_378' title='bbox 956 1549 1030 1583; x_wconf 92' lang='lat' dir='ltr'><strong>oris</strong></span> <span class='ocrx_word' id='word_1_379' title='bbox 1058 1548 1183 1583; x_wconf 86' lang='lat' dir='ltr'><strong>habitu</strong></span> <span class='ocrx_word' id='word_1_380' title='bbox 1217 1549 1366 1583; x_wconf 84' lang='lat' dir='ltr'><strong>simili</strong></span> <span class='ocrx_word' id='word_1_381' title='bbox 1395 1554 1455 1582; x_wconf 89' lang='lat' dir='ltr'><strong>aut</strong></span> <span class='ocrx_word' id='word_1_382' title='bbox 1490 1549 1683 1585; x_wconf 79' lang='lat' dir='ltr'><strong>diverso</strong></span> 
     </span>
     <span class='ocr_line' id='line_1_31' title="bbox 181 1594 1684 1640; baseline 0 -10"><span class='ocrx_word' id='word_1_383' title='bbox 181 1596 218 1639; x_wconf 88' lang='lat'><strong>9,</strong></span> <span class='ocrx_word' id='word_1_384' title='bbox 240 1597 275 1639; x_wconf 88' lang='grc'>3,</span> <span class='ocrx_word' id='word_1_385' title='bbox 302 1595 360 1631; x_wconf 89' lang='grc'><strong>34.</strong></span> <span class='ocrx_word' id='word_1_386' title='bbox 391 1595 436 1638; x_wconf 84' lang='lat' dir='ltr'><strong>cs.</strong></span> <span class='ocrx_word' id='word_1_387' title='bbox 463 1599 504 1639; x_wconf 90' lang='lat'><strong>1,</strong></span> <span class='ocrx_word' id='word_1_388' title='bbox 536 1599 600 1639; x_wconf 89' lang='lat'><strong>10,</strong></span> <span class='ocrx_word' id='word_1_389' title='bbox 627 1596 686 1631; x_wconf 88' lang='grc'><strong>25.</strong></span> <span class='ocrx_word' id='word_1_390' title='bbox 723 1595 799 1630; x_wconf 82' lang='lat' dir='ltr'><strong>div.</strong></span> <span class='ocrx_word' id='word_1_391' title='bbox 824 1594 1028 1630; x_wconf 90' lang='lat' dir='ltr'><strong>intellectus</strong></span> <span class='ocrx_word' id='word_1_392' title='bbox 1050 1598 1096 1638; x_wconf 92' lang='grc'>7,</span> <span class='ocrx_word' id='word_1_393' title='bbox 1122 1597 1164 1639; x_wconf 88' lang='grc'>9,</span> <span class='ocrx_word' id='word_1_394' title='bbox 1187 1598 1222 1630; x_wconf 90' lang='grc'><strong>2.</strong></span> <span class='ocrx_word' id='word_1_395' title='bbox 1252 1595 1327 1631; x_wconf 82' lang='lat' dir='ltr'><strong>div.</strong></span> <span class='ocrx_word' id='word_1_396' title='bbox 1351 1596 1408 1640; x_wconf 82' lang='lat' dir='ltr'><strong>jus</strong></span> <span class='ocrx_word' id='word_1_397' title='bbox 1434 1598 1479 1638; x_wconf 93' lang='lat'><strong>7,</strong></span> <span class='ocrx_word' id='word_1_398' title='bbox 1507 1597 1555 1638; x_wconf 91' lang='lat'><strong>7,</strong></span> <span class='ocrx_word' id='word_1_399' title='bbox 1577 1597 1612 1630; x_wconf 90' lang='grc'><strong>2.</strong></span> <span class='ocrx_word' id='word_1_400' title='bbox 1644 1595 1684 1630; x_wconf 85' lang='lat' dir='ltr'><strong>&#39;m</strong></span> 
     </span>
     <span class='ocr_line' id='line_1_32' title="bbox 184 1639 1682 1688; baseline 0 -13"><span class='ocrx_word' id='word_1_401' title='bbox 184 1641 260 1677; x_wconf 81' lang='lat' dir='ltr'><strong>div.</strong></span> <span class='ocrx_word' id='word_1_402' title='bbox 285 1642 378 1676; x_wconf 89' lang='lat' dir='ltr'><strong>latus</strong></span> <span class='ocrx_word' id='word_1_403' title='bbox 407 1645 465 1686; x_wconf 92' lang='lat'><strong>11,</strong></span> <span class='ocrx_word' id='word_1_404' title='bbox 481 1645 515 1686; x_wconf 89' lang='lat'><strong>3,</strong></span> <span class='ocrx_word' id='word_1_405' title='bbox 545 1644 625 1678; x_wconf 88' lang='grc'><strong>118.</strong></span> <span class='ocrx_word' id='word_1_406' title='bbox 650 1642 725 1678; x_wconf 81' lang='lat' dir='ltr'><strong>div.</strong></span> <span class='ocrx_word' id='word_1_407' title='bbox 752 1643 854 1688; x_wconf 85' lang='lat' dir='ltr'><strong>leges</strong></span> <span class='ocrx_word' id='word_1_408' title='bbox 876 1646 912 1685; x_wconf 94' lang='lat'><strong>7,</strong></span> <span class='ocrx_word' id='word_1_409' title='bbox 936 1645 971 1683; x_wconf 95' lang='lat'><strong>7,</strong></span> <span class='ocrx_word' id='word_1_410' title='bbox 991 1641 1027 1676; x_wconf 86' lang='lat'><strong>4.</strong></span> <span class='ocrx_word' id='word_1_411' title='bbox 1056 1641 1132 1678; x_wconf 79' lang='lat' dir='ltr'><strong>div.</strong></span> <span class='ocrx_word' id='word_1_412' title='bbox 1148 1642 1290 1685; x_wconf 31' lang='lat' dir='ltr'><strong>,naturis</strong></span> <span class='ocrx_word' id='word_1_413' title='bbox 1314 1643 1350 1685; x_wconf 88' lang='lat'><strong>8,</strong></span> <span class='ocrx_word' id='word_1_414' title='bbox 1374 1643 1409 1684; x_wconf 88' lang='lat'><strong>3,</strong></span> <span class='ocrx_word' id='word_1_415' title='bbox 1433 1642 1490 1676; x_wconf 85' lang='lat'><strong>60.</strong></span> <span class='ocrx_word' id='word_1_416' title='bbox 1515 1639 1682 1676; x_wconf 80' lang='lat' dir='ltr'><strong>varias</strong></span> 
     </span>
     <span class='ocr_line' id='line_1_33' title="bbox 181 1685 1681 1732; baseline 0 -10"><span class='ocrx_word' id='word_1_417' title='bbox 181 1699 329 1732; x_wconf 88' lang='lat' dir='ltr'><strong>manus,</strong></span> <span class='ocrx_word' id='word_1_418' title='bbox 367 1688 598 1724; x_wconf 87' lang='lat' dir='ltr'><strong>diversos</strong></span> <span class='ocrx_word' id='word_1_419' title='bbox 627 1694 736 1723; x_wconf 88' lang='lat' dir='ltr'><strong>nutus</strong></span> <span class='ocrx_word' id='word_1_420' title='bbox 769 1694 870 1722; x_wconf 89' lang='lat' dir='ltr'><strong>actor</strong></span> <span class='ocrx_word' id='word_1_421' title='bbox 900 1686 1082 1722; x_wconf 83' lang='lat' dir='ltr'><strong>adhibebit</strong></span> <span class='ocrx_word' id='word_1_422' title='bbox 1118 1690 1184 1731; x_wconf 87' lang='lat'><strong>11,</strong></span> <span class='ocrx_word' id='word_1_423' title='bbox 1209 1689 1251 1728; x_wconf 87' lang='lat'><strong>3,</strong></span> <span class='ocrx_word' id='word_1_424' title='bbox 1277 1688 1357 1723; x_wconf 85' lang='lat'><strong>182.</strong></span> <span class='ocrx_word' id='word_1_425' title='bbox 1388 1685 1616 1731; x_wconf 82' lang='lat' dir='ltr'><strong>pluribus</strong></span> <span class='ocrx_word' id='word_1_426' title='bbox 1643 1693 1681 1722; x_wconf 87' lang='lat' dir='ltr'><strong>et</strong></span> 
     </span>
     <span class='ocr_line' id='line_1_34' title="bbox 180 1731 1678 1778; baseline -0.001 -10"><span class='ocrx_word' id='word_1_427' title='bbox 180 1734 274 1770; x_wconf 85' lang='lat' dir='ltr'><strong>div.</strong></span> <span class='ocrx_word' id='word_1_428' title='bbox 292 1735 422 1769; x_wconf 88' lang='lat' dir='ltr'><strong>officiis</strong></span> <span class='ocrx_word' id='word_1_429' title='bbox 445 1738 480 1778; x_wconf 83' lang='lat'><strong>2,</strong></span> <span class='ocrx_word' id='word_1_430' title='bbox 491 1734 527 1778; x_wconf 88' lang='grc'><strong>4,</strong></span> <span class='ocrx_word' id='word_1_431' title='bbox 537 1737 594 1771; x_wconf 91' lang='grc'><strong>29.</strong></span> <span class='ocrx_word' id='word_1_432' title='bbox 631 1734 704 1771; x_wconf 80' lang='lat' dir='ltr'><strong>div.</strong></span> <span class='ocrx_word' id='word_1_433' title='bbox 729 1734 856 1768; x_wconf 87' lang='lat' dir='ltr'><strong>inter</strong></span> <span class='ocrx_word' id='word_1_434' title='bbox 883 1745 932 1768; x_wconf 92' lang='lat' dir='ltr'><strong>se</strong></span> <span class='ocrx_word' id='word_1_435' title='bbox 955 1733 1145 1777; x_wconf 79' lang='lat' dir='ltr'><strong>opiniones</strong></span> <span class='ocrx_word' id='word_1_436' title='bbox 1172 1735 1271 1776; x_wconf 92' lang='grc'>12,3,</span> <span class='ocrx_word' id='word_1_437' title='bbox 1280 1734 1315 1767; x_wconf 87' lang='grc'><strong>8.</strong></span> <span class='ocrx_word' id='word_1_438' title='bbox 1339 1731 1415 1767; x_wconf 80' lang='lat' dir='ltr'><strong>div.</strong></span> <span class='ocrx_word' id='word_1_439' title='bbox 1434 1731 1624 1776; x_wconf 84' lang='lat' dir='ltr'><strong>opiniones</strong></span> <span class='ocrx_word' id='word_1_440' title='bbox 1641 1738 1678 1767; x_wconf 92' lang='lat' dir='ltr'><strong>et</strong></span> 
     </span>
     <span class='ocr_line' id='line_1_35' title="bbox 182 1777 1677 1825; baseline 0 -11"><span class='ocrx_word' id='word_1_441' title='bbox 182 1782 353 1825; x_wconf 79' lang='lat' dir='ltr'><strong>quasdam</strong></span> <span class='ocrx_word' id='word_1_442' title='bbox 371 1781 478 1816; x_wconf 89' lang='lat' dir='ltr'><strong>etiam</strong></span> <span class='ocrx_word' id='word_1_443' title='bbox 494 1781 588 1816; x_wconf 91' lang='lat' dir='ltr'><strong>inter</strong></span> <span class='ocrx_word' id='word_1_444' title='bbox 606 1792 646 1816; x_wconf 90' lang='lat' dir='ltr'><strong>se</strong></span> <span class='ocrx_word' id='word_1_445' title='bbox 671 1779 945 1815; x_wconf 88' lang='lat' dir='ltr'><strong>contrarias</strong></span> <span class='ocrx_word' id='word_1_446' title='bbox 960 1781 1017 1814; x_wconf 87' lang='lat' dir='ltr'><strong>Pr.</strong></span> <span class='ocrx_word' id='word_1_447' title='bbox 1031 1782 1076 1813; x_wconf 75' lang='grc'><strong>’2.</strong></span> <span class='ocrx_word' id='word_1_448' title='bbox 1101 1777 1464 1814; x_wconf 80' lang='lat' dir='ltr'><strong>diversissimae</strong></span> <span class='ocrx_word' id='word_1_449' title='bbox 1487 1777 1677 1822; x_wconf 85' lang='lat' dir='ltr'><strong>opiniones</strong></span> 
     </span>
     <span class='ocr_line' id='line_1_36' title="bbox 179 1823 1678 1871; baseline -0.001 -10"><span class='ocrx_word' id='word_1_450' title='bbox 179 1829 217 1870; x_wconf 88' lang='lat'><strong>3,</strong></span> <span class='ocrx_word' id='word_1_451' title='bbox 230 1829 310 1870; x_wconf 87' lang='lat'><strong>1,2.</strong></span> <span class='ocrx_word' id='word_1_452' title='bbox 329 1840 361 1861; x_wconf 84' lang='grc' dir='ltr'><strong>υ.</strong></span> <span class='ocrx_word' id='word_1_453' title='bbox 384 1828 415 1861; x_wconf 95' lang='grc' dir='ltr'><strong>Ο</strong></span> <span class='ocrx_word' id='word_1_454' title='bbox 428 1827 579 1871; x_wconf 62' lang='lat' dir='ltr'><strong>pinio.</strong></span> <span class='ocrx_word' id='word_1_455' title='bbox 601 1827 642 1861; x_wconf 89' lang='lat' dir='ltr'><strong>in</strong></span> <span class='ocrx_word' id='word_1_456' title='bbox 661 1837 773 1871; x_wconf 89' lang='lat' dir='ltr'><strong>opere</strong></span> <span class='ocrx_word' id='word_1_457' title='bbox 794 1825 871 1861; x_wconf 86' lang='lat' dir='ltr'><strong>div.</strong></span> <span class='ocrx_word' id='word_1_458' title='bbox 890 1826 1060 1869; x_wconf 86' lang='lat' dir='ltr'><strong>1o,1‚69.</strong></span> <span class='ocrx_word' id='word_1_459' title='bbox 1086 1823 1162 1860; x_wconf 78' lang='lat' dir='ltr'><strong>div.</strong></span> <span class='ocrx_word' id='word_1_460' title='bbox 1175 1836 1258 1869; x_wconf 87' lang='lat' dir='ltr'><strong>pars</strong></span> <span class='ocrx_word' id='word_1_461' title='bbox 1280 1825 1316 1867; x_wconf 88' lang='grc'>3,</span> <span class='ocrx_word' id='word_1_462' title='bbox 1332 1826 1456 1868; x_wconf 90' lang='grc'><strong>11,23.</strong></span> <span class='ocrx_word' id='word_1_463' title='bbox 1484 1823 1678 1868; x_wconf 85' lang='lat' dir='ltr'><strong>petitiones</strong></span> 
     </span>
     <span class='ocr_line' id='line_1_37' title="bbox 178 1869 1676 1916; baseline -0.001 -8"><span class='ocrx_word' id='word_1_464' title='bbox 178 1872 337 1908; x_wconf 79' lang='lat' dir='ltr'><strong>invicem</strong></span> <span class='ocrx_word' id='word_1_465' title='bbox 357 1873 522 1908; x_wconf 76' lang='lat' dir='ltr'><strong>diversae</strong></span> <span class='ocrx_word' id='word_1_466' title='bbox 546 1876 580 1915; x_wconf 89' lang='lat'><strong>3,</strong></span> <span class='ocrx_word' id='word_1_467' title='bbox 593 1875 650 1916; x_wconf 92' lang='lat'><strong>10,</strong></span> <span class='ocrx_word' id='word_1_468' title='bbox 663 1871 699 1907; x_wconf 86' lang='lat'><strong>4.</strong></span> <span class='ocrx_word' id='word_1_469' title='bbox 724 1872 797 1907; x_wconf 83' lang='lat' dir='ltr'><strong>div.</strong></span> <span class='ocrx_word' id='word_1_470' title='bbox 818 1870 1082 1915; x_wconf 87' lang='lat' dir='ltr'><strong>propositiones</strong></span> <span class='ocrx_word' id='word_1_471' title='bbox 1106 1873 1141 1913; x_wconf 93' lang='lat'><strong>7,</strong></span> <span class='ocrx_word' id='word_1_472' title='bbox 1156 1872 1190 1913; x_wconf 84' lang='grc'><strong>1,</strong></span> <span class='ocrx_word' id='word_1_473' title='bbox 1201 1872 1237 1907; x_wconf 88' lang='grc'><strong>9.</strong></span> <span class='ocrx_word' id='word_1_474' title='bbox 1259 1872 1317 1914; x_wconf 91' lang='lat'><strong>11,</strong></span> <span class='ocrx_word' id='word_1_475' title='bbox 1332 1872 1369 1913; x_wconf 88' lang='lat'><strong>3,</strong></span> <span class='ocrx_word' id='word_1_476' title='bbox 1389 1870 1469 1905; x_wconf 90' lang='lat'><strong>163.</strong></span> <span class='ocrx_word' id='word_1_477' title='bbox 1493 1869 1568 1906; x_wconf 80' lang='lat' dir='ltr'><strong>div.</strong></span> <span class='ocrx_word' id='word_1_478' title='bbox 1582 1871 1676 1906; x_wconf 82' lang='lat' dir='ltr'><strong>ratio</strong></span> 
     </span>
     <span class='ocr_line' id='line_1_38' title="bbox 176 1915 1676 1963; baseline -0.002 -10"><span class='ocrx_word' id='word_1_479' title='bbox 176 1930 299 1954; x_wconf 85' lang='lat' dir='ltr'><strong>rerum</strong></span> <span class='ocrx_word' id='word_1_480' title='bbox 325 1920 369 1962; x_wconf 87' lang='lat'><strong>5,</strong></span> <span class='ocrx_word' id='word_1_481' title='bbox 393 1923 438 1963; x_wconf 95' lang='lat'><strong>7,</strong></span> <span class='ocrx_word' id='word_1_482' title='bbox 462 1920 519 1954; x_wconf 94' lang='lat'><strong>36.</strong></span> <span class='ocrx_word' id='word_1_483' title='bbox 547 1937 590 1943; x_wconf 92' lang='lat'>—</span> <span class='ocrx_word' id='word_1_484' title='bbox 614 1918 787 1963; x_wconf 80' lang='lat' dir='ltr'><strong>loquendi</strong></span> <span class='ocrx_word' id='word_1_485' title='bbox 812 1921 844 1961; x_wconf 90' lang='lat'><strong>1,</strong></span> <span class='ocrx_word' id='word_1_486' title='bbox 874 1921 915 1960; x_wconf 88' lang='lat'><strong>1,</strong></span> <span class='ocrx_word' id='word_1_487' title='bbox 946 1919 1002 1952; x_wconf 90' lang='grc'><strong>13.</strong></span> <span class='ocrx_word' id='word_1_488' title='bbox 1027 1935 1073 1941; x_wconf 91' lang='grc'>-</span> <span class='ocrx_word' id='word_1_489' title='bbox 1095 1916 1215 1951; x_wconf 89' lang='lat' dir='ltr'><strong>Latini</strong></span> <span class='ocrx_word' id='word_1_490' title='bbox 1237 1915 1414 1951; x_wconf 89' lang='lat' dir='ltr'><strong>sermonis</strong></span> <span class='ocrx_word' id='word_1_491' title='bbox 1438 1917 1501 1959; x_wconf 90' lang='lat'><strong>10,</strong></span> <span class='ocrx_word' id='word_1_492' title='bbox 1530 1919 1571 1960; x_wconf 89' lang='lat'><strong>1,</strong></span> <span class='ocrx_word' id='word_1_493' title='bbox 1595 1919 1676 1954; x_wconf 82' lang='lat'><strong>107.</strong></span> 
     </span>
     <span class='ocr_line' id='line_1_39' title="bbox 176 1961 1677 2009; baseline -0.001 -9"><span class='ocrx_word' id='word_1_494' title='bbox 176 1975 236 2000; x_wconf 83' lang='lat' dir='ltr'><strong>res</strong></span> <span class='ocrx_word' id='word_1_495' title='bbox 262 1965 427 2000; x_wconf 82' lang='lat' dir='ltr'><strong>diversae</strong></span> <span class='ocrx_word' id='word_1_496' title='bbox 449 1968 486 2009; x_wconf 94' lang='lat'><strong>7,</strong></span> <span class='ocrx_word' id='word_1_497' title='bbox 517 1967 575 2008; x_wconf 89' lang='lat'><strong>10,</strong></span> <span class='ocrx_word' id='word_1_498' title='bbox 608 1967 665 1999; x_wconf 93' lang='lat'><strong>17.</strong></span> <span class='ocrx_word' id='word_1_499' title='bbox 690 1966 729 2008; x_wconf 89' lang='lat'><strong>9,</strong></span> <span class='ocrx_word' id='word_1_500' title='bbox 749 1966 783 2005; x_wconf 93' lang='lat'><strong>3,</strong></span> <span class='ocrx_word' id='word_1_501' title='bbox 808 1962 865 1998; x_wconf 81' lang='lat'><strong>64.</strong></span> <span class='ocrx_word' id='word_1_502' title='bbox 891 1964 927 2006; x_wconf 88' lang='grc'>9,</span> <span class='ocrx_word' id='word_1_503' title='bbox 950 1962 986 2007; x_wconf 92' lang='grc'><strong>4,</strong></span> <span class='ocrx_word' id='word_1_504' title='bbox 1010 1961 1067 1997; x_wconf 90' lang='grc'><strong>44.</strong></span> <span class='ocrx_word' id='word_1_505' title='bbox 1106 1962 1399 1998; x_wconf 84' lang='lat' dir='ltr'><strong>diversarum</strong></span> <span class='ocrx_word' id='word_1_506' title='bbox 1419 1973 1541 1996; x_wconf 88' lang='lat' dir='ltr'><strong>rerum</strong></span> <span class='ocrx_word' id='word_1_507' title='bbox 1564 1974 1677 2008; x_wconf 86' lang='lat' dir='ltr'><strong>quae-</strong></span> 
     </span>
     <span class='ocr_line' id='line_1_40' title="bbox 178 2007 1676 2055; baseline 0.001 -11"><span class='ocrx_word' id='word_1_508' title='bbox 178 2012 260 2045; x_wconf 87' lang='lat' dir='ltr'><strong>dam</strong></span> <span class='ocrx_word' id='word_1_509' title='bbox 287 2011 472 2046; x_wconf 85' lang='lat' dir='ltr'><strong>vicinia</strong></span> <span class='ocrx_word' id='word_1_510' title='bbox 500 2012 545 2055; x_wconf 89' lang='lat'><strong>8,</strong></span> <span class='ocrx_word' id='word_1_511' title='bbox 572 2009 616 2054; x_wconf 86' lang='lat'><strong>4,</strong></span> <span class='ocrx_word' id='word_1_512' title='bbox 643 2013 698 2045; x_wconf 91' lang='grc'><strong>12.</strong></span> <span class='ocrx_word' id='word_1_513' title='bbox 727 2011 835 2044; x_wconf 89' lang='lat' dir='ltr'><strong>rebus</strong></span> <span class='ocrx_word' id='word_1_514' title='bbox 854 2009 977 2054; x_wconf 84' lang='lat' dir='ltr'><strong>utique</strong></span> <span class='ocrx_word' id='word_1_515' title='bbox 1001 2008 1154 2044; x_wconf 87' lang='lat' dir='ltr'><strong>diversis</strong></span> <span class='ocrx_word' id='word_1_516' title='bbox 1182 2010 1224 2052; x_wconf 89' lang='lat'><strong>5,</strong></span> <span class='ocrx_word' id='word_1_517' title='bbox 1248 2011 1313 2053; x_wconf 88' lang='lat'><strong>13,</strong></span> <span class='ocrx_word' id='word_1_518' title='bbox 1339 2011 1398 2044; x_wconf 88' lang='grc'><strong>23.</strong></span> <span class='ocrx_word' id='word_1_519' title='bbox 1419 2007 1529 2043; x_wconf 82' lang='lat' dir='ltr'><strong>rebus</strong></span> <span class='ocrx_word' id='word_1_520' title='bbox 1555 2010 1676 2053; x_wconf 85' lang='lat' dir='ltr'><strong>specie</strong></span> 
     </span>
     <span class='ocr_line' id='line_1_41' title="bbox 176 2055 1676 2101; baseline 0.001 -10"><span class='ocrx_word' id='word_1_521' title='bbox 176 2056 329 2093; x_wconf 83' lang='lat' dir='ltr'><strong>diversis</strong></span> <span class='ocrx_word' id='word_1_522' title='bbox 351 2061 388 2101; x_wconf 94' lang='lat'><strong>7,</strong></span> <span class='ocrx_word' id='word_1_523' title='bbox 411 2060 446 2101; x_wconf 92' lang='lat'><strong>3,</strong></span> <span class='ocrx_word' id='word_1_524' title='bbox 477 2060 531 2092; x_wconf 92' lang='lat'><strong>10.</strong></span> <span class='ocrx_word' id='word_1_525' title='bbox 574 2056 941 2092; x_wconf 88' lang='lat' dir='ltr'><strong>diversissimae</strong></span> <span class='ocrx_word' id='word_1_526' title='bbox 974 2067 1033 2090; x_wconf 90' lang='lat' dir='ltr'><strong>res</strong></span> <span class='ocrx_word' id='word_1_527' title='bbox 1058 2055 1094 2098; x_wconf 87' lang='grc'><strong>4,</strong></span> <span class='ocrx_word' id='word_1_528' title='bbox 1119 2058 1154 2099; x_wconf 92' lang='grc'><strong>1,</strong></span> <span class='ocrx_word' id='word_1_529' title='bbox 1177 2059 1234 2091; x_wconf 93' lang='grc'><strong>77.</strong></span> <span class='ocrx_word' id='word_1_530' title='bbox 1260 2055 1334 2091; x_wconf 77' lang='lat' dir='ltr'><strong>div.</strong></span> <span class='ocrx_word' id='word_1_531' title='bbox 1358 2060 1533 2089; x_wconf 85' lang='lat' dir='ltr'><strong>sectarum</strong></span> <span class='ocrx_word' id='word_1_532' title='bbox 1559 2055 1594 2099; x_wconf 83' lang='lat'><strong>5,</strong></span> <span class='ocrx_word' id='word_1_533' title='bbox 1618 2058 1676 2092; x_wconf 86' lang='grc'><strong>13.</strong></span> 
     </span>
     <span class='ocr_line' id='line_1_42' title="bbox 175 2101 1672 2145; baseline -0.001 -6"><span class='ocrx_word' id='word_1_534' title='bbox 175 2104 233 2140; x_wconf 89' lang='grc'><strong>59.</strong></span> <span class='ocrx_word' id='word_1_535' title='bbox 258 2115 327 2138; x_wconf 88' lang='lat' dir='ltr'><strong>nec</strong></span> <span class='ocrx_word' id='word_1_536' title='bbox 366 2105 483 2138; x_wconf 85' lang='lat' dir='ltr'><strong>solum</strong></span> <span class='ocrx_word' id='word_1_537' title='bbox 515 2103 555 2138; x_wconf 91' lang='lat' dir='ltr'><strong>in</strong></span> <span class='ocrx_word' id='word_1_538' title='bbox 590 2105 757 2138; x_wconf 90' lang='lat' dir='ltr'><strong>eodem</strong></span> <span class='ocrx_word' id='word_1_539' title='bbox 788 2114 917 2145; x_wconf 90' lang='lat' dir='ltr'><strong>sensu,</strong></span> <span class='ocrx_word' id='word_1_540' title='bbox 950 2103 1015 2136; x_wconf 89' lang='lat' dir='ltr'><strong>sed</strong></span> <span class='ocrx_word' id='word_1_541' title='bbox 1045 2102 1152 2136; x_wconf 87' lang='lat' dir='ltr'><strong>etiam</strong></span> <span class='ocrx_word' id='word_1_542' title='bbox 1174 2101 1213 2135; x_wconf 94' lang='lat' dir='ltr'><strong>in</strong></span> <span class='ocrx_word' id='word_1_543' title='bbox 1243 2101 1447 2137; x_wconf 83' lang='lat' dir='ltr'><strong>diverso.</strong></span> <span class='ocrx_word' id='word_1_544' title='bbox 1478 2101 1521 2144; x_wconf 90' lang='grc'><strong>9,</strong></span> <span class='ocrx_word' id='word_1_545' title='bbox 1547 2102 1590 2144; x_wconf 89' lang='grc'><strong>3,</strong></span> <span class='ocrx_word' id='word_1_546' title='bbox 1613 2102 1672 2137; x_wconf 88' lang='lat'><strong>36.</strong></span> 
     </span>
     <span class='ocr_line' id='line_1_43' title="bbox 176 2146 1672 2198; baseline -0.001 -15"><span class='ocrx_word' id='word_1_547' title='bbox 176 2150 251 2186; x_wconf 84' lang='lat' dir='ltr'><strong>div.</strong></span> <span class='ocrx_word' id='word_1_548' title='bbox 275 2161 386 2184; x_wconf 81' lang='lat' dir='ltr'><strong>sexus</strong></span> <span class='ocrx_word' id='word_1_549' title='bbox 398 2151 435 2194; x_wconf 89' lang='lat'><strong>9,</strong></span> <span class='ocrx_word' id='word_1_550' title='bbox 462 2152 497 2193; x_wconf 88' lang='lat'><strong>3,</strong></span> <span class='ocrx_word' id='word_1_551' title='bbox 518 2150 576 2185; x_wconf 87' lang='lat'><strong>63.</strong></span> <span class='ocrx_word' id='word_1_552' title='bbox 600 2148 862 2198; x_wconf 85' lang='lat' dir='ltr'><strong>significatione</strong></span> <span class='ocrx_word' id='word_1_553' title='bbox 887 2148 960 2183; x_wconf 77' lang='lat' dir='ltr'><strong>div.</strong></span> <span class='ocrx_word' id='word_1_554' title='bbox 985 2150 1028 2182; x_wconf 79' lang='lat' dir='ltr'><strong>ib,</strong></span> <span class='ocrx_word' id='word_1_555' title='bbox 1045 2149 1103 2184; x_wconf 88' lang='lat'><strong>69.</strong></span> <span class='ocrx_word' id='word_1_556' title='bbox 1129 2147 1270 2194; x_wconf 88' lang='lat' dir='ltr'><strong>generis</strong></span> <span class='ocrx_word' id='word_1_557' title='bbox 1293 2146 1434 2181; x_wconf 90' lang='lat' dir='ltr'><strong>unius</strong></span> <span class='ocrx_word' id='word_1_558' title='bbox 1458 2146 1672 2182; x_wconf 80' lang='lat' dir='ltr'><strong>diversas</strong></span> 
     </span>
     <span class='ocr_line' id='line_1_44' title="bbox 174 2193 1673 2240; baseline -0.001 -10"><span class='ocrx_word' id='word_1_559' title='bbox 174 2196 314 2240; x_wconf 84' lang='lat' dir='ltr'><strong>species</strong></span> <span class='ocrx_word' id='word_1_560' title='bbox 339 2198 375 2240; x_wconf 89' lang='lat'><strong>9,</strong></span> <span class='ocrx_word' id='word_1_561' title='bbox 401 2200 439 2240; x_wconf 90' lang='grc'><strong>2,</strong></span> <span class='ocrx_word' id='word_1_562' title='bbox 468 2199 524 2232; x_wconf 93' lang='grc'><strong>17.</strong></span> <span class='ocrx_word' id='word_1_563' title='bbox 547 2195 622 2233; x_wconf 81' lang='lat' dir='ltr'><strong>div.</strong></span> <span class='ocrx_word' id='word_1_564' title='bbox 647 2202 758 2230; x_wconf 84' lang='lat' dir='ltr'><strong>status</strong></span> <span class='ocrx_word' id='word_1_565' title='bbox 781 2198 817 2239; x_wconf 90' lang='grc'><strong>2,</strong></span> <span class='ocrx_word' id='word_1_566' title='bbox 842 2195 877 2238; x_wconf 89' lang='grc'><strong>6,</strong></span> <span class='ocrx_word' id='word_1_567' title='bbox 904 2197 960 2229; x_wconf 92' lang='grc'><strong>10.</strong></span> <span class='ocrx_word' id='word_1_568' title='bbox 987 2207 1065 2238; x_wconf 84' lang='grc' dir='ltr'><strong>ορρ.</strong></span> <span class='ocrx_word' id='word_1_569' title='bbox 1090 2194 1234 2240; x_wconf 84' lang='lat' dir='ltr'><strong>generis</strong></span> <span class='ocrx_word' id='word_1_570' title='bbox 1260 2193 1470 2237; x_wconf 88' lang='lat' dir='ltr'><strong>ejusdem</strong></span> <span class='ocrx_word' id='word_1_571' title='bbox 1496 2194 1531 2235; x_wconf 84' lang='lat'><strong>3,</strong></span> <span class='ocrx_word' id='word_1_572' title='bbox 1555 2193 1590 2236; x_wconf 88' lang='grc'><strong>6,</strong></span> <span class='ocrx_word' id='word_1_573' title='bbox 1614 2194 1673 2230; x_wconf 88' lang='grc'><strong>94.</strong></span> 
     </span>
     <span class='ocr_line' id='line_1_45' title="bbox 177 2239 1671 2286; baseline -0.001 -11"><span class='ocrx_word' id='word_1_574' title='bbox 177 2242 251 2277; x_wconf 83' lang='lat' dir='ltr'><strong>div.</strong></span> <span class='ocrx_word' id='word_1_575' title='bbox 285 2254 372 2277; x_wconf 91' lang='lat' dir='ltr'><strong>usus</strong></span> <span class='ocrx_word' id='word_1_576' title='bbox 405 2244 448 2286; x_wconf 89' lang='grc'><strong>8,</strong></span> <span class='ocrx_word' id='word_1_577' title='bbox 473 2244 516 2285; x_wconf 88' lang='grc'><strong>3,</strong></span> <span class='ocrx_word' id='word_1_578' title='bbox 546 2245 604 2286; x_wconf 82' lang='grc'><strong>17,</strong></span> <span class='ocrx_word' id='word_1_579' title='bbox 638 2254 726 2276; x_wconf 88' lang='lat' dir='ltr'><strong>num</strong></span> <span class='ocrx_word' id='word_1_580' title='bbox 754 2241 872 2276; x_wconf 92' lang='lat' dir='ltr'><strong>idem</strong></span> <span class='ocrx_word' id='word_1_581' title='bbox 906 2239 1110 2275; x_wconf 82' lang='lat' dir='ltr'><strong>diversis</strong></span> <span class='ocrx_word' id='word_1_582' title='bbox 1142 2239 1265 2276; x_wconf 77' lang='lat' dir='ltr'><strong>verbis</strong></span> <span class='ocrx_word' id='word_1_583' title='bbox 1291 2239 1612 2283; x_wconf 83' lang='lat' dir='ltr'><strong>comprehendatur</strong></span> <span class='ocrx_word' id='word_1_584' title='bbox 1634 2242 1671 2283; x_wconf 93' lang='lat'><strong>7,</strong></span> 
     </span>
     <span class='ocr_line' id='line_1_46' title="bbox 175 2285 1671 2333; baseline -0.002 -11"><span class='ocrx_word' id='word_1_585' title='bbox 175 2290 219 2330; x_wconf 92' lang='lat'><strong>3,</strong></span> <span class='ocrx_word' id='word_1_586' title='bbox 256 2291 311 2322; x_wconf 88' lang='lat'><strong>12.</strong></span> <span class='ocrx_word' id='word_1_587' title='bbox 347 2288 422 2324; x_wconf 80' lang='lat' dir='ltr'><strong>div.</strong></span> <span class='ocrx_word' id='word_1_588' title='bbox 456 2288 535 2325; x_wconf 81' lang='lat' dir='ltr'><strong>vias</strong></span> <span class='ocrx_word' id='word_1_589' title='bbox 560 2291 596 2331; x_wconf 92' lang='lat'><strong>3,</strong></span> <span class='ocrx_word' id='word_1_590' title='bbox 621 2291 662 2333; x_wconf 91' lang='lat'><strong>1,</strong></span> <span class='ocrx_word' id='word_1_591' title='bbox 687 2289 721 2324; x_wconf 83' lang='lat'><strong>5.</strong></span> <span class='ocrx_word' id='word_1_592' title='bbox 755 2298 909 2333; x_wconf 88' lang='lat' dir='ltr'><strong>quorum</strong></span> <span class='ocrx_word' id='word_1_593' title='bbox 943 2286 1133 2321; x_wconf 79' lang='lat' dir='ltr'><strong>diversa</strong></span> <span class='ocrx_word' id='word_1_594' title='bbox 1163 2285 1280 2321; x_wconf 79' lang='lat' dir='ltr'><strong>virtus</strong></span> <span class='ocrx_word' id='word_1_595' title='bbox 1305 2286 1449 2319; x_wconf 87' lang='lat' dir='ltr'><strong>laudem</strong></span> <span class='ocrx_word' id='word_1_596' title='bbox 1473 2295 1587 2328; x_wconf 85' lang='lat' dir='ltr'><strong>paene</strong></span> <span class='ocrx_word' id='word_1_597' title='bbox 1615 2291 1671 2319; x_wconf 85' lang='lat' dir='ltr'><strong>est</strong></span> 
     </span>
     <span class='ocr_line' id='line_1_47' title="bbox 174 2329 1671 2384; baseline 0 -18"><span class='ocrx_word' id='word_1_598' title='bbox 174 2345 331 2377; x_wconf 90' lang='lat' dir='ltr'><strong>parem</strong></span> <span class='ocrx_word' id='word_1_599' title='bbox 351 2340 547 2369; x_wconf 87' lang='lat' dir='ltr'><strong>consecuta</strong></span> <span class='ocrx_word' id='word_1_600' title='bbox 572 2337 637 2378; x_wconf 90' lang='lat'><strong>10,</strong></span> <span class='ocrx_word' id='word_1_601' title='bbox 665 2337 704 2377; x_wconf 91' lang='lat'><strong>1,</strong></span> <span class='ocrx_word' id='word_1_602' title='bbox 742 2336 799 2369; x_wconf 89' lang='lat'><strong>73.</strong></span> <span class='ocrx_word' id='word_1_603' title='bbox 835 2332 879 2374; x_wconf 85' lang='lat' dir='ltr'><strong>cf.</strong></span> <span class='ocrx_word' id='word_1_604' title='bbox 916 2335 959 2366; x_wconf 82' lang='lat' dir='ltr'><strong>ib.</strong></span> <span class='ocrx_word' id='word_1_605' title='bbox 993 2334 1072 2366; x_wconf 89' lang='grc'><strong>102.</strong></span> <span class='ocrx_word' id='word_1_606' title='bbox 1123 2329 1176 2375; x_wconf 90' lang='lat' dir='ltr'><strong>b)</strong></span> <span class='ocrx_word' id='word_1_607' title='bbox 1205 2331 1423 2384; x_wconf 46' lang='lat' dir='ltr'><strong>adj-‚Datn-</strong></span> <span class='ocrx_word' id='word_1_608' title='bbox 1457 2329 1671 2374; x_wconf 86' lang='lat' dir='ltr'><strong>compositio</strong></span> 
     </span>
     <span class='ocr_line' id='line_1_48' title="bbox 171 2375 1668 2423; baseline 0 -11"><span class='ocrx_word' id='word_1_609' title='bbox 171 2379 236 2412; x_wconf 81' lang='lat' dir='ltr'><strong>tali</strong></span> <span class='ocrx_word' id='word_1_610' title='bbox 258 2381 444 2423; x_wconf 90' lang='lat' dir='ltr'><strong>proposito</strong></span> <span class='ocrx_word' id='word_1_611' title='bbox 479 2381 622 2416; x_wconf 83' lang='lat' dir='ltr'><strong>diversa</strong></span> <span class='ocrx_word' id='word_1_612' title='bbox 651 2383 715 2423; x_wconf 93' lang='lat'><strong>11,</strong></span> <span class='ocrx_word' id='word_1_613' title='bbox 744 2383 784 2423; x_wconf 92' lang='lat'><strong>1,</strong></span> <span class='ocrx_word' id='word_1_614' title='bbox 817 2381 874 2414; x_wconf 91' lang='lat'><strong>33.</strong></span> <span class='ocrx_word' id='word_1_615' title='bbox 922 2379 1130 2423; x_wconf 79' lang='lat' dir='ltr'><strong>conjectura</strong></span> <span class='ocrx_word' id='word_1_616' title='bbox 1163 2378 1247 2411; x_wconf 81' lang='lat' dir='ltr'><strong>huic</strong></span> <span class='ocrx_word' id='word_1_617' title='bbox 1277 2378 1559 2422; x_wconf 70' lang='grc' dir='ltr'><strong>αντικατηγορίᾳ</strong></span> <span class='ocrx_word' id='word_1_618' title='bbox 1593 2375 1668 2412; x_wconf 81' lang='lat' dir='ltr'><strong>div.</strong></span> 
     </span>
     <span class='ocr_line' id='line_1_49' title="bbox 173 2421 1697 2470; baseline -0.001 -11"><span class='ocrx_word' id='word_1_619' title='bbox 173 2427 217 2468; x_wconf 88' lang='grc'><strong>7,</strong></span> <span class='ocrx_word' id='word_1_620' title='bbox 240 2427 284 2467; x_wconf 85' lang='grc'><strong>2,</strong></span> <span class='ocrx_word' id='word_1_621' title='bbox 312 2427 370 2460; x_wconf 84' lang='grc'><strong>25.</strong></span> <span class='ocrx_word' id='word_1_622' title='bbox 411 2426 495 2460; x_wconf 88' lang='lat' dir='ltr'><strong>huic</strong></span> <span class='ocrx_word' id='word_1_623' title='bbox 526 2427 601 2462; x_wconf 80' lang='lat' dir='ltr'><strong>div.</strong></span> <span class='ocrx_word' id='word_1_624' title='bbox 634 2425 900 2460; x_wconf 82' lang='lat' dir='ltr'><strong>distinctionem</strong></span> <span class='ocrx_word' id='word_1_625' title='bbox 935 2425 977 2467; x_wconf 92' lang='lat'><strong>9,</strong></span> <span class='ocrx_word' id='word_1_626' title='bbox 1010 2426 1052 2467; x_wconf 89' lang='lat'><strong>3,</strong></span> <span class='ocrx_word' id='word_1_627' title='bbox 1083 2423 1140 2459; x_wconf 88' lang='lat'><strong>65.</strong></span> <span class='ocrx_word' id='word_1_628' title='bbox 1186 2423 1259 2458; x_wconf 85' lang='lat' dir='ltr'><strong>div.</strong></span> <span class='ocrx_word' id='word_1_629' title='bbox 1297 2421 1352 2456; x_wconf 88' lang='lat' dir='ltr'><strong>his</strong></span> <span class='ocrx_word' id='word_1_630' title='bbox 1382 2422 1526 2456; x_wconf 86' lang='lat' dir='ltr'><strong>tertium</strong></span> <span class='ocrx_word' id='word_1_631' title='bbox 1554 2432 1697 2470; x_wconf 60' lang='lat' dir='ltr'><strong>genus&gt;</strong></span> 
     </span>
     <span class='ocr_line' id='line_1_50' title="bbox 174 2467 1666 2517; baseline -0.001 -14"><span class='ocrx_word' id='word_1_632' title='bbox 174 2471 220 2513; x_wconf 88' lang='lat'><strong>3,</strong></span> <span class='ocrx_word' id='word_1_633' title='bbox 253 2472 319 2514; x_wconf 92' lang='grc'><strong>10,</strong></span> <span class='ocrx_word' id='word_1_634' title='bbox 352 2473 385 2505; x_wconf 90' lang='lat'><strong>3.</strong></span> <span class='ocrx_word' id='word_1_635' title='bbox 430 2473 607 2507; x_wconf 88' lang='lat' dir='ltr'><strong>sententia</strong></span> <span class='ocrx_word' id='word_1_636' title='bbox 636 2472 749 2517; x_wconf 88' lang='lat' dir='ltr'><strong>priori</strong></span> <span class='ocrx_word' id='word_1_637' title='bbox 783 2471 858 2506; x_wconf 83' lang='lat' dir='ltr'><strong>div.</strong></span> <span class='ocrx_word' id='word_1_638' title='bbox 890 2473 931 2512; x_wconf 87' lang='grc'><strong>2,</strong></span> <span class='ocrx_word' id='word_1_639' title='bbox 966 2472 1009 2512; x_wconf 89' lang='grc'><strong>3,</strong></span> <span class='ocrx_word' id='word_1_640' title='bbox 1045 2471 1103 2504; x_wconf 89' lang='grc'><strong>10.</strong></span> <span class='ocrx_word' id='word_1_641' title='bbox 1141 2470 1183 2511; x_wconf 87' lang='grc'><strong>3,</strong></span> <span class='ocrx_word' id='word_1_642' title='bbox 1215 2470 1261 2511; x_wconf 93' lang='grc'><strong>6,</strong></span> <span class='ocrx_word' id='word_1_643' title='bbox 1294 2470 1350 2503; x_wconf 89' lang='grc'><strong>32.</strong></span> <span class='ocrx_word' id='word_1_644' title='bbox 1397 2468 1512 2503; x_wconf 83' lang='lat' dir='ltr'><strong>verba</strong></span> <span class='ocrx_word' id='word_1_645' title='bbox 1542 2467 1666 2503; x_wconf 85' lang='lat' dir='ltr'><strong>verbis</strong></span> 
     </span>
     <span class='ocr_line' id='line_1_51' title="bbox 175 2513 1664 2565; baseline -0.001 -16"><span class='ocrx_word' id='word_1_646' title='bbox 175 2516 320 2551; x_wconf 82' lang='lat' dir='ltr'><strong>diversa</strong></span> <span class='ocrx_word' id='word_1_647' title='bbox 356 2517 402 2560; x_wconf 88' lang='grc'><strong>9,</strong></span> <span class='ocrx_word' id='word_1_648' title='bbox 441 2521 485 2560; x_wconf 91' lang='grc'><strong>2,</strong></span> <span class='ocrx_word' id='word_1_649' title='bbox 528 2518 586 2554; x_wconf 85' lang='grc'><strong>46.</strong></span> <span class='ocrx_word' id='word_1_650' title='bbox 639 2519 723 2553; x_wconf 89' lang='lat' dir='ltr'><strong>huic</strong></span> <span class='ocrx_word' id='word_1_651' title='bbox 764 2517 838 2553; x_wconf 79' lang='lat' dir='ltr'><strong>div.</strong></span> <span class='ocrx_word' id='word_1_652' title='bbox 876 2515 993 2563; x_wconf 77' lang='lat' dir='ltr'><strong>virtus</strong></span> <span class='ocrx_word' id='word_1_653' title='bbox 1027 2515 1069 2558; x_wconf 94' lang='lat'><strong>6,</strong></span> <span class='ocrx_word' id='word_1_654' title='bbox 1097 2516 1139 2557; x_wconf 87' lang='lat'><strong>3,</strong></span> <span class='ocrx_word' id='word_1_655' title='bbox 1165 2517 1198 2548; x_wconf 93' lang='lat'><strong>1.</strong></span> <span class='ocrx_word' id='word_1_656' title='bbox 1241 2513 1316 2549; x_wconf 75' lang='lat' dir='ltr'><strong>div.</strong></span> <span class='ocrx_word' id='word_1_657' title='bbox 1350 2518 1405 2548; x_wconf 90' lang='lat' dir='ltr'><strong>est</strong></span> <span class='ocrx_word' id='word_1_658' title='bbox 1432 2513 1516 2547; x_wconf 90' lang='lat' dir='ltr'><strong>huic</strong></span> <span class='ocrx_word' id='word_1_659' title='bbox 1534 2524 1664 2565; x_wconf 42' lang='lat' dir='ltr'><strong>,eorum</strong></span> 
     </span>
     <span class='ocr_line' id='line_1_52' title="bbox 173 2558 1663 2610; baseline -0.002 -12"><span class='ocrx_word' id='word_1_660' title='bbox 173 2561 302 2598; x_wconf 78' lang='lat' dir='ltr'><strong>vitium</strong></span> <span class='ocrx_word' id='word_1_661' title='bbox 325 2564 391 2604; x_wconf 85' lang='lat'><strong>10,</strong></span> <span class='ocrx_word' id='word_1_662' title='bbox 417 2565 457 2603; x_wconf 85' lang='lat'><strong>3,</strong></span> <span class='ocrx_word' id='word_1_663' title='bbox 483 2566 537 2598; x_wconf 93' lang='lat'><strong>17.</strong></span> <span class='ocrx_word' id='word_1_664' title='bbox 574 2564 648 2599; x_wconf 83' lang='lat' dir='ltr'><strong>div.</strong></span> <span class='ocrx_word' id='word_1_665' title='bbox 679 2575 758 2599; x_wconf 88' lang='lat' dir='ltr'><strong>esse</strong></span> <span class='ocrx_word' id='word_1_666' title='bbox 784 2561 937 2598; x_wconf 82' lang='lat' dir='ltr'><strong>orationi</strong></span> <span class='ocrx_word' id='word_1_667' title='bbox 962 2562 1185 2596; x_wconf 78' lang='lat' dir='ltr'><strong>voluntatem</strong></span> <span class='ocrx_word' id='word_1_668' title='bbox 1211 2561 1254 2603; x_wconf 87' lang='lat'><strong>8,</strong></span> <span class='ocrx_word' id='word_1_669' title='bbox 1278 2561 1322 2604; x_wconf 93' lang='lat'><strong>6,</strong></span> <span class='ocrx_word' id='word_1_670' title='bbox 1346 2559 1401 2594; x_wconf 88' lang='lat'><strong>54.</strong></span> <span class='ocrx_word' id='word_1_671' title='bbox 1421 2563 1486 2610; x_wconf 37' lang='lat' dir='ltr'><strong>‚est</strong></span> <span class='ocrx_word' id='word_1_672' title='bbox 1507 2559 1563 2592; x_wconf 78' lang='lat' dir='ltr'><strong>his</strong></span> <span class='ocrx_word' id='word_1_673' title='bbox 1588 2558 1663 2595; x_wconf 82' lang='lat' dir='ltr'><strong>div.</strong></span> 
     </span>
     <span class='ocr_line' id='line_1_53' title="bbox 174 2606 1723 2653; baseline -0.004 -9"><span class='ocrx_word' id='word_1_674' title='bbox 174 2618 253 2644; x_wconf 80' lang='lat' dir='ltr'><strong>vox</strong></span> <span class='ocrx_word' id='word_1_675' title='bbox 277 2610 340 2650; x_wconf 89' lang='lat'><strong>11,</strong></span> <span class='ocrx_word' id='word_1_676' title='bbox 365 2609 408 2650; x_wconf 87' lang='lat'><strong>3,</strong></span> <span class='ocrx_word' id='word_1_677' title='bbox 437 2609 524 2651; x_wconf 81' lang='lat'><strong>1693</strong></span> <span class='ocrx_word' id='word_1_678' title='bbox 559 2609 782 2644; x_wconf 83' lang='lat' dir='ltr'><strong>declamandi</strong></span> <span class='ocrx_word' id='word_1_679' title='bbox 817 2620 908 2653; x_wconf 91' lang='lat' dir='ltr'><strong>opus</strong></span> <span class='ocrx_word' id='word_1_680' title='bbox 943 2609 1017 2642; x_wconf 85' lang='lat' dir='ltr'><strong>div.</strong></span> <span class='ocrx_word' id='word_1_681' title='bbox 1051 2618 1073 2641; x_wconf 88' lang='lat' dir='ltr'><strong>a</strong></span> <span class='ocrx_word' id='word_1_682' title='bbox 1095 2606 1301 2641; x_wconf 80' lang='lat' dir='ltr'><strong>forensibus</strong></span> <span class='ocrx_word' id='word_1_683' title='bbox 1334 2613 1449 2638; x_wconf 75' lang='lat' dir='ltr'><strong>causis</strong></span> <span class='ocrx_word' id='word_1_684' title='bbox 1475 2606 1521 2647; x_wconf 90' lang='grc'><strong>2,</strong></span> <span class='ocrx_word' id='word_1_685' title='bbox 1547 2606 1602 2648; x_wconf 87' lang='grc'><strong>10,</strong></span> <span class='ocrx_word' id='word_1_686' title='bbox 1628 2609 1662 2640; x_wconf 91' lang='grc'><strong>7.</strong></span> <span class='ocrx_word' id='word_1_687' title='bbox 1721 2619 1723 2621; x_wconf 94' lang='grc'><em>·</em></span> 
     </span>
    </p>
   </div>
   <div class='ocr_carea' id='block_1_3' title="bbox 171 2651 1659 2744">
    <p class='ocr_par' dir='ltr' id='par_1_3' title="bbox 171 2651 1659 2744">
     <span class='ocr_line' id='line_1_54' title="bbox 171 2651 1187 2699; baseline -0.003 -10"><span class='ocrx_word' id='word_1_688' title='bbox 171 2652 349 2689; x_wconf 85' lang='lat' dir='ltr'><strong>simulatio</strong></span> <span class='ocrx_word' id='word_1_689' title='bbox 373 2654 522 2687; x_wconf 81' lang='lat' dir='ltr'><strong>multum</strong></span> <span class='ocrx_word' id='word_1_690' title='bbox 547 2656 621 2690; x_wconf 80' lang='lat' dir='ltr'><strong>div.</strong></span> <span class='ocrx_word' id='word_1_691' title='bbox 652 2657 707 2689; x_wconf 88' lang='lat' dir='ltr'><strong>ab</strong></span> <span class='ocrx_word' id='word_1_692' title='bbox 731 2657 800 2690; x_wconf 89' lang='lat' dir='ltr'><strong>hac</strong></span> <span class='ocrx_word' id='word_1_693' title='bbox 821 2653 1012 2699; x_wconf 86' lang='lat' dir='ltr'><strong>jactatione</strong></span> <span class='ocrx_word' id='word_1_694' title='bbox 1034 2651 1070 2697; x_wconf 87' lang='lat'><strong>4,</strong></span> <span class='ocrx_word' id='word_1_695' title='bbox 1095 2655 1129 2692; x_wconf 80' lang='lat'><strong>1,</strong></span> <span class='ocrx_word' id='word_1_696' title='bbox 1152 2654 1187 2688; x_wconf 89' lang='grc'><strong>9.</strong></span> 
     </span>
     <span class='ocr_line' id='line_1_55' title="bbox 267 2693 1659 2744; baseline -0.004 -10"><span class='ocrx_word' id='word_1_697' title='bbox 267 2698 321 2744; x_wconf 91' lang='lat'><strong>11)</strong></span> <span class='ocrx_word' id='word_1_698' title='bbox 344 2702 377 2733; x_wconf 81' lang='grc' dir='ltr'><strong>ίη</strong></span> <span class='ocrx_word' id='word_1_699' title='bbox 399 2702 513 2733; x_wconf 61' lang='lat' dir='ltr'><strong>‘causis</strong></span> <span class='ocrx_word' id='word_1_700' title='bbox 536 2702 578 2733; x_wconf 81' lang='lat' dir='ltr'><strong>de</strong></span> <span class='ocrx_word' id='word_1_701' title='bbox 603 2703 794 2735; x_wconf 74' lang='lat' dir='ltr'><strong>adversa</strong></span> <span class='ocrx_word' id='word_1_702' title='bbox 819 2707 967 2744; x_wconf 78' lang='lat' dir='ltr'><strong>parte:</strong></span> <span class='ocrx_word' id='word_1_703' title='bbox 998 2704 1058 2733; x_wconf 81' lang='lat' dir='ltr'><strong>aut</strong></span> <span class='ocrx_word' id='word_1_704' title='bbox 1081 2704 1239 2733; x_wconf 82' lang='lat' dir='ltr'><strong>nostram</strong></span> <span class='ocrx_word' id='word_1_705' title='bbox 1257 2695 1455 2730; x_wconf 84' lang='lat' dir='ltr'><strong>minuemus</strong></span> <span class='ocrx_word' id='word_1_706' title='bbox 1474 2693 1659 2737; x_wconf 83' lang='lat' dir='ltr'><strong>invidiam,</strong></span> 
     </span>
    </p>
   </div>
   <div class='ocr_carea' id='block_1_4' title="bbox 173 2739 1662 2789">
    <p class='ocr_par' dir='ltr' id='par_1_4' title="bbox 173 2739 1662 2789">
     <span class='ocr_line' id='line_1_56' title="bbox 173 2739 1662 2789; baseline -0.004 -7"><span class='ocrx_word' id='word_1_707' title='bbox 173 2752 234 2782; x_wconf 87' lang='lat' dir='ltr'><strong>aut</strong></span> <span class='ocrx_word' id='word_1_708' title='bbox 258 2745 366 2782; x_wconf 86' lang='lat' dir='ltr'><strong>etiam</strong></span> <span class='ocrx_word' id='word_1_709' title='bbox 389 2745 428 2780; x_wconf 88' lang='lat' dir='ltr'><strong>in</strong></span> <span class='ocrx_word' id='word_1_710' title='bbox 456 2745 638 2782; x_wconf 80' lang='lat' dir='ltr'><strong>diversum</strong></span> <span class='ocrx_word' id='word_1_711' title='bbox 665 2757 743 2781; x_wconf 82' lang='lat' dir='ltr'><strong>eam</strong></span> <span class='ocrx_word' id='word_1_712' title='bbox 765 2746 1020 2782; x_wconf 77' lang='lat' dir='ltr'><strong>transferemus</strong></span> <span class='ocrx_word' id='word_1_713' title='bbox 1046 2747 1104 2789; x_wconf 87' lang='lat'><strong>11,</strong></span> <span class='ocrx_word' id='word_1_714' title='bbox 1129 2747 1164 2788; x_wconf 81' lang='lat'><strong>1,</strong></span> <span class='ocrx_word' id='word_1_715' title='bbox 1189 2741 1256 2784; x_wconf 78' lang='lat'><strong>643</strong></span> <span class='ocrx_word' id='word_1_716' title='bbox 1300 2741 1361 2786; x_wconf 80' lang='lat' dir='ltr'><strong>qui</strong></span> <span class='ocrx_word' id='word_1_717' title='bbox 1386 2750 1442 2775; x_wconf 87' lang='lat' dir='ltr'><strong>ex</strong></span> <span class='ocrx_word' id='word_1_718' title='bbox 1467 2739 1662 2777; x_wconf 81' lang='lat' dir='ltr'><strong>diverso</strong></span> 
     </span>
    </p>
   </div>
  </div>
 </body>
</html>
