1728 3002
153 257 239 299 316
615 256 902 315 Exprobratio
939 278 994 290 —
1013 258 1017 262 ’
1034 257 1225 318 Exquiro

199 372 242 413 3,
265 370 300 406 9.
334 368 527 406 sublimitas
551 376 587 406 et
607 371 868 419 magnificentia
891 379 951 407 etc.
987 373 1166 418 expressit
1187 373 1288 408 illum
1307 374 1487 424 fragorem
1513 375 1558 419 8,
1579 379 1623 422 3,
1650 379 1686 413 3.

198 417 251 457 Π)
283 419 305 449 ι’.
331 431 363 461 q.
393 420 648 460 pronuntio.-
684 420 841 452 nondum
863 419 976 463 prima
998 421 1112 455 verba
1135 415 1304 464 exprimi‘t
1328 424 1372 467 1,
1394 425 1431 466 2,
1452 423 1488 458 6.
1517 422 1563 465 cf.
1590 425 1627 467 9,
1648 425 1687 468 4,

199 465 253 496 10.
292 474 364 507 quo
391 463 531 497 facilius
553 464 666 498 verba
695 475 758 498 ore
786 465 900 500 libero
929 466 1148 510 exprimeret
1169 469 1237 511 22,
1261 469 1296 510 3,
1321 467 1378 503 54.
1411 468 1547 505 etiamsi
1568 470 1687 504 scri-

197 508 341 552 bitur,
367 515 486 543 tamen
508 521 633 553 parum
657 511 933 555 exprimitur
957 511 1022 556 (lit.
1040 511 1110 555 M.)
1134 513 1170 555 9,
1191 511 1228 555 4,
1251 511 1308 547 40.
1347 525 1438 558 quae
1460 513 1592 560 (litera)
1614 527 1684 550 ex-

194 554 322 598 primi,
351 555 421 589 m'si
447 556 572 599 labris,
600 567 672 590 non
699 563 817 598 potest
843 559 878 601 8,
903 560 937 600 3,
960 556 1016 592 45.
1053 570 1132 594 vox
1156 560 1219 594 vel
1241 558 1336 594 inter
1361 561 1486 595 dentes
1512 571 1685 605 expressa

198 603 254 644 11,
272 603 306 643 3,
327 600 405 636 104.
452 602 514 644 111)
539 605 562 636 ι’.
578 616 607 647 q.
637 615 654 636 e
655 602 721 644 ssi
729 616 828 646 ngo:
853 603 896 647 a)
919 605 1068 639 lacertas
1093 604 1303 639 exercitatio
1319 606 1498 650 expressit
1519 607 1558 650 8,
1575 609 1612 650 3,
1629 610 1684 642 10.

194 659 228 681 v.
254 648 487 682 Lacertus.
534 652 577 694 β)
602 650 751 686 dicendo.
786 648 818 692 a)
843 651 888 683 ad
910 650 1000 684 haec
1022 651 1143 685 omnia
1169 651 1401 695 exprimenda
1427 655 1486 695 11,
1504 654 1539 696 3,
1558 656 1615 688 77.
1644 652 1684 687 in

195 703 260 736 eo,
294 695 390 738 quod
415 694 527 737 velis,
561 695 796 738 exprimendo
818 697 862 738 8,
886 697 928 738 3,
953 697 1010 731 61.
1034 696 1080 738 cs.
1106 698 1150 740 6,
1171 700 1208 740 2,
1233 699 1287 732 13.
1322 697 1361 732 in
1385 698 1548 733 oratione
1571 702 1701 743 quae-⁷

193 740 275 772 dam
299 740 452 784 exprimi
475 750 542 784 pro
568 741 738 787 dignitate
766 752 839 776 non
862 749 1011 786 possunt
1034 745 1079 786 2,
1105 745 1170 786 13,
1196 746 1252 777 12.
1300 755 1343 778 ea
1374 744 1443 779 sihi
1475 744 1683 788 narrari,

191 795 268 818 non
296 786 501 830 exprimi
529 792 565 821 et
589 787 703 821 oculis
731 787 858 822 mentis
883 789 1072 822 ostendi
1106 790 1147 832 8,
1174 790 1214 831 3,
1243 789 1299 824 62.
1334 790 1416 834 illa,
1442 802 1549 835 quam
1571 802 1684 825 cona-

190 843 271 865 mur
292 833 514 876 exprimere,
548 833 661 866 facies
683 835 727 877 8,
753 836 798 876 3,
822 834 879 868 66.
913 835 1064 868 formam
1090 834 1261 869 orationis
1282 835 1399 879 illam,
1435 849 1541 881 quam
1563 843 1684 871 mente

188 878 333 920 penitus
358 879 692 922 conceperint,
731 879 991 924 expriment
1019 884 1062 923 2,
1087 885 1130 924 7,
1153 883 1187 916 3.
1223 892 1263 916 se
1287 883 1436 926 pulchre
1459 882 1682 927 expressisse

189 936 304 971 genus
327 925 415 959 illud
437 926 543 969 hujus
566 925 636 960 viri
664 928 719 969 10,
745 929 778 969 2,
804 927 858 961 18.
897 927 1098 962 Menander
1121 947 1168 953 —
1191 927 1241 961 ita
1264 937 1408 962 omnem
1433 928 1532 964 vitae
1555 928 1682 976 imagi-

188 982 272 1004 nem
305 971 483 1015 expressit
516 974 580 1014 10,
607 975 647 1014 1,
671 973 728 1007 69.
752 985 786 1006 v.
813 973 983 1019 Imago.
1021 973 1167 1017 proprie
1190 973 1279 1008 mihi
1302 974 1409 1017 hujus
1433 974 1588 1008 nominis
1610 986 1682 1010 ex-

186 1017 374 1061 primenda
397 1023 523 1052 natura
546 1023 601 1052 est
624 1019 667 1061 6,
691 1021 734 1060 2,
760 1021 817 1060 12,
847 1018 920 1061 rei,
951 1031 1056 1064 quam
1078 1021 1246 1056 volumus
1281 1020 1484 1064 exprimere
1505 1021 1551 1064 8,
1578 1020 1621 1064 6,
1644 1022 1681 1055 8.

185 1069 301 1097 totum
325 1064 547 1108 exprimere,
573 1075 678 1108 quem
704 1064 856 1111 elegeris
885 1067 942 1108 10,
965 1068 1002 1109 2,
1027 1066 1087 1100 26.
1134 1064 1174 1109 b)
1197 1065 1267 1108 adj.
1293 1068 1431 1100 Abbi„-
1460 1077 1531 1111 quo
1556 1066 1681 1110 expri-

183 1109 293 1143 mitur
314 1122 434 1144 rerum
461 1116 521 1144 aut
543 1121 776 1155 personarum
799 1110 917 1156 imago
943 1113 979 1154 5,
1007 1115 1063 1154 11,
1085 1110 1144 1146 24.
1177 1111 1341 1159 organis,
1375 1111 1504 1156 quibus
1526 1112 1678 1156 exprimi

184 1166 306 1189 sermo
330 1167 402 1190 non
428 1162 547 1200 potest
571 1161 603 1199 1,
624 1159 679 1199 10,
699 1157 754 1191 25.
793 1158 948 1201 syllaba,
973 1169 1080 1201 quam
1102 1157 1250 1192 nomine
1270 1169 1337 1192 suo
1358 1157 1526 1202 exprimit
1548 1157 1612 1202 (lit.
1628 1157 1678 1203 Ο)

186 1205 227 1242 1,
251 1205 295 1245 7,
322 1205 379 1235 11.
415 1213 487 1246 quo
522 1202 628 1247 digne
652 1203 760 1236 modo
787 1203 897 1246 patris
922 1205 1063 1238 vultum
1087 1203 1289 1247 exprimere
1310 1209 1434 1247 posset
1457 1207 1502 1248 2,
1525 1206 1592 1248 13,
1617 1206 1676 1240 13.

183 1246 251 1290 IV)
288 1251 433 1281 Panic„-
467 1248 631 1291 protinus
657 1248 823 1281 omnibus
851 1249 1020 1282 membris
1048 1260 1240 1293 expressus
1269 1249 1390 1284 infans
1420 1253 1464 1293 2,
1490 1248 1533 1289 4,
1558 1250 1583 1285 6
1605 1251 1677 1293 N.;

182 1297 206 1328 i.
236 1306 268 1338 q.
298 1297 459 1337 planus
487 1301 526 1326 et
553 1296 842 1336 perspicuus.-
874 1293 912 1327 in
936 1295 1140 1328 narratione
1167 1294 1301 1337 pleni
1326 1301 1434 1339 atque
1457 1296 1675 1339 expressi

182 1351 305 1374 sumus
326 1340 363 1381 9,
377 1338 413 1382 4,
434 1340 513 1374 138.
544 1338 727 1383 proposita
753 1339 926 1383 quaedam
949 1340 1068 1373 forma
1090 1350 1209 1373 rerum
1232 1340 1283 1373 ita
1305 1342 1494 1384 expressa,
1517 1347 1558 1374 ut
1574 1342 1675 1376 cerni

180 1386 301 1430 potius
324 1385 490 1421 videatur
516 1396 623 1429 quam
651 1384 766 1418 audiri
788 1386 828 1425 9,
853 1388 888 1428 2,
912 1384 971 1419 40.
1007 1385 1046 1418 in
1073 1391 1225 1429 utraque
1246 1385 1368 1432 lingua
1391 1397 1565 1434 expressa
1586 1398 1675 1431 pro—

180 1431 313 1476 prietas
346 1431 503 1465 omnium
532 1431 716 1465 literarum
745 1431 790 1472 6,
814 1431 874 1464 Pr.
901 1433 957 1464 11.
995 1430 1084 1466 vitia
1113 1432 1186 1474 oris
1217 1433 1402 1475 emendet,
1434 1437 1474 1465 ut
1499 1443 1674 1476 expressa

178 1478 252 1512 sint
274 1478 386 1514 verba
412 1480 443 1520 1,
463 1480 519 1520 11,
535 1475 570 1512 4.
600 1476 735 1520 (verba)
758 1477 818 1510 hic
844 1478 916 1519 (sc.
940 1479 973 1510 in
998 1475 1207 1519 narratione)
1230 1488 1425 1522 expressa,
1444 1484 1513 1521 «et,
1533 1485 1574 1512 ut
1592 1481 1673 1514 vult

178 1524 305 1568 Zeno,
339 1535 448 1558 sensu
478 1523 609 1568 tincta,
643 1534 722 1559 esse
756 1523 889 1558 debent
916 1521 961 1567 4,
987 1525 1034 1567 2,
1061 1526 1128 1560 117
1152 1524 1202 1558 Ν.
1243 1525 1515 1569 expressior
1548 1535 1672 1560 sermo

178 1573 220 1614 1,
254 1574 292 1611 1.
325 1572 382 1607 37.

129 1626 437 1682 Exprobratio.
493 1635 602 1672 tacita
623 1635 851 1682 impotentiae
880 1647 985 1681 expr.
1010 1635 1046 1680 6,
1073 1639 1108 1680 2,
1134 1637 1190 1672 16.

128 1683 373 1739 Exprobro.
421 1692 463 1738 a)
501 1697 715 1738 simpliciter.-
741 1699 794 1727 est
818 1699 940 1739 gratus
962 1693 1075 1737 jocus,
1102 1693 1163 1738 qui
1186 1692 1304 1728 minus
1328 1694 1540 1739 exprobrat,
1561 1707 1669 1740 quam

175 1747 295 1786 potest
317 1742 352 1784 6,
377 1743 413 1784 3,
435 1739 493 1776 94.
527 1742 652 1775 eadem
675 1741 788 1774 verba
810 1745 944 1773 mutata
965 1738 1253 1784 pronuntiatione
1275 1739 1455 1783 indicant,
1480 1741 1667 1785 affirmant,

176 1788 396 1831 exprobrant
424 1794 486 1823 etc.
512 1790 575 1830 11,
601 1789 641 1825 3.
670 1787 748 1820 176.
782 1786 822 1820 in
846 1787 1178 1830 exprobrando
1202 1792 1239 1820 et
1265 1788 1560 1832 coarguendo
1583 1798 1668 1822 acer

177 1839 283 1877 atque
307 1833 444 1867 instans
471 1831 624 1875 (gestus)
647 1835 690 1865 ib.
712 1833 770 1867 92.
800 1831 844 1873 cs:
871 1833 914 1864 ib.
940 1832 997 1867 94.
1034 1831 1189 1865 dulcis
1223 1842 1303 1865 esse
1329 1831 1452 1874 debet,
1482 1842 1557 1866 non
1581 1844 1665 1867 ex-

173 1892 198 1924 p
209 1878 407 1914 robrans
433 1889 543 1913 sonus
568 1881 610 1911 ib.
641 1879 684 1913 16
710 1879 756 1911 N.
814 1876 858 1921 β)
892 1890 920 1910 e.
960 1878 1058 1920 obj..-
1097 1877 1318 1921 exprobrare
1355 1877 1535 1911 diversam
1567 1878 1666 1914 vitae

173 1932 308 1960 sectam
334 1928 368 1969 3,
391 1927 427 1968 8,
451 1926 507 1959 38.
542 1924 632 1958 nihil
654 1923 711 1957 his
731 1943 780 1949 —-
801 1923 1050 1957 vehementius
1078 1922 1289 1967 exprobrari
1313 1928 1416 1968 potes
1453 1922 1497 1966 4,
1522 1927 1558 1968 2,
1584 1926 1666 1960 125.

173 1972 205 2006 si
230 1973 373 2017 quando
398 1970 550 2013 objici
571 1975 691 2014 potest
715 1967 946 2012 (obscenitas),
973 1968 1103 2003 nonin
1124 1971 1203 2012 joco
1229 1981 1281 2003 ex
1291 1969 1404 2013 prob
1436 1970 1549 2003 anda
1572 1969 1623 2013 (a.
1641 1975 1665 2005 l.

171 2038 219 2045 ...
243 2016 352 2061 dum)
377 2023 431 2051 est
461 2017 507 2059 6,
531 2019 576 2059 3,
600 2017 656 2051 29.
695 2016 783 2048 tales
805 2021 886 2048 sunt
909 2014 992 2049 illae
1016 2015 1266 2049 inclinationes
1297 2015 1419 2055 vocis,
1456 2026 1543 2060 quas
1565 2015 1663 2051 invi-

170 2075 251 2099 cem
280 2064 546 2098 Demosthenes
576 2068 648 2106 atq.
677 2060 877 2095 Aeschines
910 2062 1226 2105 exprobrant,
1262 2071 1337 2094 non
1366 2060 1448 2095 ideo
1486 2061 1663 2105 impro-

170 2111 351 2144 bandae
383 2113 444 2151 11,
469 2111 511 2151 3,
540 2109 630 2150 1683
669 2108 766 2152 quod
792 2126 832 2130 ——
858 2107 1026 2151 quoniam
1049 2106 1117 2151 ipsi
1141 2108 1258 2152 palam
1284 2107 1523 2151 exprobratur
1553 2107 1597 2151 6,
1623 2110 1662 2152 3,

169 2157 227 2192 94.
262 2167 308 2189 ne
334 2155 570 2200 exprobraret
596 2153 687 2199 patri
710 2152 850 2197 nuptias
877 2155 933 2195 11,
958 2156 991 2196 1,
1017 2154 1073 2187 83.

122 2200 349 2257 Expugno.
411 2211 442 2253 1)
467 2213 727 2259 expugnandae
750 2211 913 2246 civitates
942 2212 997 2252 12,
1021 2211 1056 2252 9,
1081 2212 1115 2242 2.
1160 2207 1215 2252 11)
1242 2212 1381 2242 1mnst..·
1408 2207 1516 2250 nefin
1539 2209 1660 2244 omnia

167 2259 339 2303 impetum
362 2258 494 2300 facias,
527 2260 591 2293 sed
615 2258 654 2292 in
677 2258 734 2300 id,
765 2259 862 2302 quod
886 2256 1163 2302 expugnandum
1186 2260 1239 2288 est
1264 2257 1324 2297 11,
1351 2257 1390 2296 1,
1413 2255 1471 2289 87.
1506 2260 1567 2288 ant
1589 2265 1660 2290 ex-

164 2310 342 2351 pugnatur
366 2304 541 2347 intentio,
571 2311 630 2339 aut
664 2304 854 2346 assumtio,
891 2308 950 2336 aut
973 2300 1157 2335 conclusio
1191 2301 1232 2342 5,
1258 2298 1323 2342 14,
1349 2302 1408 2334 20.
1439 2311 1509 2352 ‘1¹3⁸
1532 2301 1659 2345 (quae-

166 2352 286 2391 stione)
311 2362 386 2385 non
406 2356 629 2397 expugnata,
657 2361 731 2384 non
754 2350 800 2383 sit
823 2348 1054 2393 sequentibus
1079 2348 1179 2379 locus
1203 2349 1237 2398 7,
1264 2349 1296 2388 1,
1321 2343 1377 2380 45.
1417 2345 1544 2389 quibus
1567 2346 1660 2399 scri7

165 2402 264 2439 ptum
293 2395 404 2439 (legis)
428 2402 657 2444 expugnatur
683 2400 728 2439 7,
754 2399 795 2438 7,
817 2394 852 2429 4.
885 2393 954 2427 nisi
983 2392 1172 2435 aliquando
1195 2402 1252 2426 Vls
1278 2403 1319 2426 ac
1340 2392 1491 2425 facultas
1515 2391 1658 2426 dicendi

165 2448 349 2485 expugnat
375 2442 488 2487 ipsam
515 2443 705 2477 veritatem
738 2444 802 2484 12,
829 2444 870 2482 1,
898 2442 967 2480 33¹,
1001 2437 1134 2471 utilitas
1162 2436 1239 2481 ipsa
1268 2442 1495 2490 effpssgllatur
1520 2438 1571 2471 ab
1596 2437 1656 2490 fif),
1724 2431 1728 2447 ⁴

165 2486 227 2530 qui
250 2488 388 2528 dicunt,
413 2499 487 2522 non
511 2490 629 2522 solum
650 2488 793 2532 potiora
816 2496 897 2520 esse
922 2486 1094 2526 honesta,
1123 2494 1231 2528 quam
1251 2484 1375 2527 utiha,
1397 2483 1461 2518 sed
1487 2494 1534 2518 ne
1555 2484 1656 2517 unna
1705 2516 1714 2523 ς

164 2532 309 2576 quidem
336 2544 437 2576 esse,
468 2545 559 2578 quae
582 2545 656 2568 non
681 2533 751 2567 sint
775 2533 925 2566 honesta
948 2532 982 2573 3,
1006 2531 1042 2572 8,
1066 2531 1126 2564 32.

117 2589 292 2644 Expuo·
350 2601 478 2634 tussire
501 2607 537 2635 et
560 2612 722 2646 expuere
750 2600 877 2634 crebro
903 2600 960 2641 11,
986 2600 1020 2640 5,
1044 2598 1102 2633 56.
1413 2626 1436 2631 0

116 2656 326 2711 Exquiro-
382 2666 426 2711 α)
452 2667 667 2712 exquirendi
681 2669 821 2710 (species
838 2664 1048 2708 causarum),
1068 2665 1165 2709 quod
1176 2657 1404 2714 ἔξεταιζτικόν
1421 2660 1506 2695 dicit
1530 2660 1651 2702 (Ana-

163 2711 326 2750 ximenes)
350 2713 394 2755 3,
416 2711 458 2755 4,
482 2714 518 2748 9.
549 2725 613 2756 ea,
637 2725 728 2757 quae
752 2713 790 2747 in
812 2714 936 2747 oculos
959 2711 1166 2752 incurrunt,
1195 2707 1455 2751 exquirendum
1491 2707 1581 2759 (3511.
1604 2728 1652 2760 —·-

163 2760 231 2797 do)
250 2762 376 2802 putant
398 2761 445 2800 7,
470 2761 509 2800 1,
536 2758 579 2792 41
603 2763 646 2793 Ζ.
695 2758 755 2802 qui
786 2759 923 2791 nullum
952 2767 1066 2801 prope
1092 2755 1198 2788 finem
1227 2754 1391 2804 fecerunt
1419 2753 1651 2804 exquirendis

161 2803 367 2839 nominibus
389 2805 424 2846 9,
449 2806 485 2846 3,
510 2805 567 2839 99.
617 2802 659 2847 β)
688 2806 832 2837 Partim:
860 2802 1074 2846 exquisitam
1098 2800 1245 2851 figuram
1268 2799 1374 2851 hylus
1396 2809 1449 2832 rei
1472 2800 1507 2841 8,
1530 2799 1566 2840 6,
1589 2800 1647 2832 71.
1712 2812 1715 2819 ·

161 2861 249 2897 exq.
269 2849 386 2886 modis
407 2850 452 2895 9,
479 2851 524 2895 3,
549 2851 630 2886 101.
665 2859 752 2894 exq.
775 2849 889 2886 verba
914 2848 951 2892 4,
973 2850 1009 2892 2,
1035 2847 1101 2890 36,
1135 2849 1371 2890 exepusmora
1396 2844 1510 2881 verba
1532 2846 1589 2888 11,
1614 2845 1648 2887 1,
1712 2864 1713 2868 =
