1728 3002
134 206 215 244 230
851 203 962 248 Dico

181 317 311 352 dicitur
332 319 368 362 9,
389 321 426 363 2,
450 317 508 353 40.
537 315 704 365 ἐνέργεια
731 319 882 354 confinis
905 319 961 354 his
984 318 1051 364 (est
1076 330 1173 355 enim
1193 320 1246 354 ab
1272 320 1411 368 agendo
1438 320 1546 365 dicta)
1573 321 1624 367 (a.
1653 329 1678 360 ἡ

182 364 302 409 ducta)
326 367 362 408 8,
387 367 422 410 3,
446 366 504 401 89.
529 365 606 399 ind
621 377 640 399 e
673 377 754 409 pars
778 366 839 401 illa
863 366 1113 412 philosophiae
1136 363 1251 410 ἠθικὴ
1273 367 1417 401 moralis
1444 374 1498 402 est
1523 370 1617 403 dicta
1640 372 1674 413 6,

178 414 214 453 2,
228 413 279 446 *8-
315 412 434 453 unde
468 413 740 446 controversiae
771 413 942 460 figuratae
975 413 1141 447 dicuntur
1175 414 1210 455 9,
1245 415 1279 456 2,
1314 414 1381 456 (553
1406 414 1506 457 cujus
1532 417 1676 459 (mortis)

176 469 301 502 parum
318 464 436 492 certus
453 458 636 492 dicebatur
651 461 935 502 a=1010126,3‚68.
956 459 1023 494 vix
1040 459 1076 492 in
1093 460 1164 492 ulla
1178 459 1425 493 controversia
1437 462 1677 496 translationis

181 510 311 538 statum
325 516 431 548 posse
449 504 613 549 reperiri,
629 510 668 538 ut
682 516 754 539 non
766 511 802 540 et
819 505 908 540 alius
921 506 959 540 in
974 507 1101 540 eadem
1122 510 1219 539 recte
1238 505 1309 539 dici
1325 506 1512 540 videretur
1526 509 1560 550 3,
1569 511 1604 550 b',
1618 511 1676 542 68.

176 550 216 596 y)
240 554 271 583 in
295 554 456 584 sententia
481 555 598 585 rela1.:
628 563 734 595 quam
746 552 1018 592 {distinctionem
1039 551 1194 585 diximus
1216 553 1252 594 9,
1267 554 1302 594 3,
1329 553 1387 588 82.
1414 563 1521 596 quem
1545 557 1677 596 τρόπον

175 597 300 631 dicunt
326 599 367 640 5,
401 599 467 640 10,
499 599 556 632 52.
595 609 701 641 quam
726 601 965 640 κακοτεχνίαν
987 598 1137 631 dicimus
1161 600 1208 640 2,
1242 600 1308 640 20,
1333 601 1366 632 2.
1401 597 1446 640 cf.
1474 600 1520 641 9,
1545 599 1593 641 3‘‚
1615 603 1674 634 77.

172 637 377 685 ἔπίθετον,
404 645 500 687 quod
519 649 618 677 recte
645 644 794 678 dicimus
820 644 1019 688 appositum
1043 646 1077 687 8,
1102 645 1137 686 6,
1160 643 1218 678 40.
1244 654 1336 688 quos
1360 643 1547 679 dixeris
1573 645 1677 679 diffe-

171 695 292 724 rentes
313 692 368 731 12,
385 692 440 732 10,
454 693 509 723 22.
539 689 583 731 cs.
609 690 643 731 9,
653 689 690 733 4,
704 693 771 733 233
799 701 888 735 quo
901 691 923 724 d
948 690 1084 725 etiamsi
1099 690 1245 734 propria
1261 690 1554 734 interpretatione
1570 691 1677 726 fidem

171 735 294 771 dicere
306 746 494 780 possumus
508 738 540 779 5,
556 739 612 779 10,
625 737 658 771 8.
671 749 707 772 v.
723 736 808 784 Qui
826 738 854 780 I,
867 748 895 780 ι,
908 737 943 770 b.
987 749 1035 772 ex
1043 736 1239 779 affectibus,
1290 747 1346 771 uo
1358 748 1375 770 s
1394 736 1446 770 illi
1455 737 1544 772 vitia
1554 738 1678 773 dicunt

173 784 240 824 11,
279 785 320 825 1,
358 784 422 824 33;
463 782 527 818 illa
564 783 728 828 (figura),
766 794 859 828 quae
892 783 1071 818 dicitur
1095 795 1116 817 a
1145 794 1262 830 negan
1289 793 1330 826 o,
1366 794 1475 827 quam
1510 784 1677 818 nonnulli

170 823 392 870 α’ντίφρασιν
427 835 604 863 vocant
636 831 672 872 9,
702 833 738 872 2,
769 830 828 864 47.
864 830 973 873 haec,
1011 837 1103 875 quae
1137 829 1249 876 vulgo
1276 829 1423 872 dicitur,
1451 829 1591 863 bonitas
1616 832 1672 873 12,

171 875 206 914 1,
243 873 309 915 24,
343 884 425 908 cum
453 875 538 909 huic
572 874 701 910 vitium
738 876 958 910 contrarium
981 876 1048 916 sit,
1088 875 1168 920 qui
1202 874 1332 909 dicitur
1355 874 1540 919 μονοειδὴς
1563 875 1672 919 (lege.-

170 931 264 963 quae
296 918 366 954 dic.
397 919 604 966 μονοειδιά)
644 926 698 965 11,
730 924 764 964 3,
803 921 862 957 44.
896 928 976 958 uter
998 921 1130 956 melior
1153 921 1292 956 dicetur
1314 921 1460 956 orator?
1495 924 1551 957 12.
1577 925 1611 964 1,
1637 923 1673 957 9.

169 965 232 1011 qui
259 967 325 1000 has
353 967 495 1001 demiun
518 966 809 1012 προσωποποιΐας
832 968 953 1002 dicant
988 970 1023 1012 9,
1053 971 1089 1012 2,
1119 970 1178 1002 31.
1203 966 1250 1009 (ζῖ.
1276 968 1312 1010 6,
1336 970 1370 1010 2,
1395 969 1455 1001 20.
1488 969 1524 1011 9,
1547 966 1583 1010 4,
1608 968 1672 1010 56;

168 1023 300 1055 sermo,
327 1013 405 1056 qui
433 1012 483 1057 (α.
505 1017 527 1048 l.
553 1013 658 1058 quae)
683 1014 813 1049 dicitur
844 1009 1055 1060 οἷποστροφὴ
1079 1016 1116 1059 9,
1138 1017 1175 1059 2,
1203 1015 1262 1050 38.
1289 1013 1418 1060 quod
1445 1013 1493 1060 (a.
1519 1017 1542 1048 1.
1566 1013 1674 1059 quae)

125 1079 128 1081 >
167 1055 442 1104 ἀντιμεταβολή
470 1059 599 1095 dicitur
624 1062 660 1104 9,
687 1063 721 1103 3,
747 1063 804 1096 85.

234 1103 289 1184 1Ῑέ
327 1109 520 1141 sententiam
551 1109 647 1148 regit.
694 1107 736 1153 a)
762 1120 829 1153 seq.
858 1107 1009 1148 Infinit..·
1050 1118 1070 1141 a
1102 1117 1178 1152 quo
1207 1105 1390 1150 accepisse
1419 1111 1578 1140 mutuam
1618 1105 1674 1140 di-·

165 1160 232 1184 cor
300 1176 310 1192 ,
343 1149 388 1193 4,
423 1152 458 1186 6.
490 1151 520 1184 si
555 1152 634 1196 quis
664 1153 770 1186 alium
803 1153 941 1188 dicatur
971 1153 1196 1187 interemisse
1230 1153 1271 1196 5,
1307 1155 1371 1195 10,
1406 1151 1464 1186 34.
1507 1152 1675 1186 dicuntur

163 1195 202 1229 hi
233 1207 342 1230 causa
383 1197 508 1231 mortis
544 1198 656 1232 fuisse
691 1202 736 1242 7,
771 1200 810 1239 3,
843 1201 901 1232 32.
947 1210 1017 1242 qua
1050 1198 1257 1233 Demetrius
1290 1200 1484 1233 Phalereus
1529 1199 1673 1232 diceba-

163 1247 223 1277 tur
248 1243 299 1276 uti
329 1245 386 1286 10,
413 1246 452 1284 1,
476 1245 533 1278 33.
562 1243 606 1285 cs.
634 1245 676 1286 9,
701 1247 744 1286 2,
769 1247 827 1279 73.
856 1247 922 1286 11,
950 1248 996 1287 2,
1019 1244 1077 1279 51.
1115 1246 1158 1278 ab
1186 1244 1391 1278 hominibus
1423 1245 1549 1279 aetatis
1585 1256 1672 1279 suae

163 1288 279 1323 dictus
305 1295 359 1323 est
382 1300 535 1335 regnare
558 1290 597 1324 in
620 1290 761 1335 judiciis
800 1292 861 1333 10,
889 1293 930 1333 1,
955 1293 1035 1323 112.
1083 1290 1128 1337 β)
1154 1303 1221 1335 seq.
1247 1294 1332 1324 Ace.
1366 1304 1395 1325 c.
1419 1290 1488 1331 Ins.
1532 1289 1570 1331 a)
1603 1302 1671 1325 nec

162 1333 243 1369 sine
284 1346 390 1369 causa
432 1335 611 1370 dictum
650 1343 752 1380 est,
788 1336 879 1370 nihil
922 1336 1066 1370 facilius
1112 1348 1219 1381 quam
1261 1336 1424 1370 lacrimas
1465 1336 1670 1371 inarescere

163 1382 210 1423 6,
237 1383 279 1423 1,
304 1383 361 1415 27.
394 1392 485 1416 vere
522 1383 594 1417 hoc
629 1383 806 1417 dictum
838 1387 927 1426 est,
959 1388 1066 1427 caput
1102 1394 1206 1426 esse,
1240 1383 1393 1425 decere,
1429 1383 1525 1426 quod
1557 1382 1672 1418 facias

165 1429 234 1474 11.,
259 1429 298 1466 3,
326 1430 405 1462 177.
447 1428 533 1465 inde
565 1429 752 1464 scientiam
782 1429 823 1463 in
852 1428 1003 1463 testibus
1027 1434 1064 1463 et
1086 1428 1322 1476 religionem,
1353 1428 1499 1476 ingenia
1527 1428 1606 1463 esse
1632 1428 1673 1462 in

167 1473 412 1520 argumentis,
453 1474 584 1510 dicitur
616 1478 658 1520 5,
697 1479 732 1511 7.
768 1477 827 1511 33.
868 1476 980 1521 vulgo
1011 1475 1224 1518 dicitur,
1255 1475 1402 1509 Scelera
1435 1485 1511 1509 11011
1536 1475 1672 1509 habere

162 1519 355 1555 consilium
380 1523 416 1563 7,
445 1524 481 1564 2,
505 1520 562 1556 44.
590 1521 635 1564 cs.
660 1520 696 1565 4,
720 1525 756 1566 2,
783 1523 842 1558 91.
876 1521 917 1562 b)
938 1521 990 1555 illi
1011 1520 1159 1567 (generi)
1180 1520 1308 1564 simile,
1333 1531 1405 1566 quo
1427 1521 1479 1562 (a.
1508 1524 1533 1554 1.
1556 1519 1672 1566 quod)

162 1565 294 1600 Cicero
335 1565 531 1602 Curionem
567 1568 711 1603 facilius
745 1579 887 1613 semper
918 1567 1147 1614 prooemiiun
1177 1568 1314 1602 habere
1351 1566 1444 1602 dixit
1477 1567 1513 1610 6,
1543 1569 1578 1610 3,
1609 1568 1669 1602 76.

161 1611 332 1649 Diximus
356 1613 464 1660 igitur
489 1625 569 1649 esse
596 1615 733 1658 incisa,
756 1615 929 1657 membra,
954 1614 1122 1649 circuitus
1145 1613 1181 1657 9,
1205 1612 1242 1657 4,
1268 1616 1347 1648 122.
1374 1614 1671 1658 quemadmodum

160 1669 211 1704 ex
233 1659 381 1695 Oceano
410 1660 496 1694 dicit
519 1661 596 1705 ipse
627 1661 785 1695 amnium
800 1661 877 1696 vim
900 1660 1041 1694 initium
1066 1671 1196 1704 capere
1223 1662 1280 1702 10,
1306 1663 1340 1703 1,
1364 1659 1422 1694 46.
1451 1659 1575 1706 gratia,
1600 1670 1670 1703 qua

159 1705 308 1739 nomina
336 1705 413 1739 dixi
441 1707 585 1743 mutatis
610 1707 892 1752 casibusssrepeti
918 1708 954 1749 9,
970 1709 1006 1750 3,
1030 1708 1086 1741 80.
1110 1706 1374 1753 Panegyricum
1402 1704 1582 1747 Isocratis,
1605 1704 1668 1748 qui

96 1764 101 1767 ·
158 1751 388 1794 parcissime,
429 1754 553 1787 decem
581 1754 697 1788 annis.
719 1751 1097 1788 dicunt'elaboratum
1135 1755 1201 1795 10,
1234 1751 1281 1796 4,
1312 1750 1348 1785 4.
1394 1751 1670 1786 Demosthenen

158 1797 335 1831 urbanum
361 1797 474 1833 fuisse
499 1799 670 1843 dicunt,
696 1800 856 1834 dicacem
878 1805 1052 1846 negant
1078 1799 1114 1841 6,
1143 1800 1176 1840 3,
1204 1801 1260 1831 21.
1283 1809 1305 1830 v
1343 1798 1490 1843 Nego;
1517 1809 1580 1831 om.
1602 1810 1665 1830 se.-

159 1842 221 1887 qui
256 1854 331 1878 non
356 1849 475 1888 potest
500 1845 621 1879 dicere
654 1845 745 1881 nihil
774 1845 926 1888 fecisse,
957 1845 1163 1889 proximum
1193 1842 1359 1886 habebit,
1381 1848 1421 1876 ut
1447 1843 1564 1886 dicat,
1591 1853 1666 1877 non

158 1888 196 1922 id
220 1889 364 1930 fecisse,
390 1892 488 1934 quod
511 1891 702 1934 objiciatur
723 1895 758 1934 7,
785 1894 821 1934 3,
850 1894 883 1925 1.
911 1890 956 1933 cs.
985 1893 1021 1933 7,
1048 1894 1081 1930 1,
1104 1891 1166 1931 603
1193 1889 1341 1924 dicam
1364 1899 1440 1923 non
1456 1891 1565 1923 talem
1585 1900 1666 1923 esse

155 1935 254 1969 hunc
295 1947 398 1971 reum
423 1948 487 1970 -ωε
532 1937 686 1972 dicam
721 1936 912 1973 occidendi
948 1947 1093 1970 causam
1124 1935 1210 1970 huic
1242 1946 1318 1970 non
1340 1935 1476 1969 fuisse:
1514 1934 1666 1969 dicam

156 1980 254 2015 hunc
278 1993 323 2016 eo
348 1988 511 2026 tempore
536 1989 633 2018 trans
659 1995 759 2018 mare
791 1983 904 2017 fuisse
928 1984 964 2026 4,
994 1985 1027 2027 5,
1051 1983 1086 2018 9.
1114 1981 1159 2023 cs.
1184 1980 1220 2025 4,
1244 1984 1280 2026 2,
1304 1980 1363 2017 49.
1402 1980 1439 2026 c)
1464 1984 1486 2015 i.
1513 1994 1545 2026 q.
1572 1994 1665 2014 cen-

157 2040 251 2061 seo:
304 2028 472 2071 Catulus,
508 2040 590 2063 cum
615 2029 723 2073 dicit,
757 2031 864 2064 Nulla
888 2035 943 2063 est
966 2029 1004 2063 in
1029 2039 1181 2073 corpore
1204 2027 1299 2062 mica
1322 2027 1424 2071 salis,
1459 2037 1553 2061 non
1576 2027 1665 2061 hoc

154 2073 289 2115 dicit,
313 2075 404 2109 nihil
428 2076 466 2110 in
491 2086 644 2120 corpore
673 2078 749 2118 eius
776 2087 855 2110 esse
871 2075 1062 2110 ridiculum
1081 2077 1117 2118 6,
1135 2077 1171 2118 3,
1189 2076 1246 2109 18.
1271 2075 1398 2119 Neque
1417 2074 1511 2108 enim
1526 2078 1664 2107 tantum

154 2119 192 2155 id
209 2120 306 2164 dico,
335 2133 429 2163 eum,
454 2122 517 2166 qui
542 2122 630 2156 mihi
669 2122 716 2157 sit
738 2126 872 2165 orator,
895 2122 1016 2157 virum
1042 2123 1178 2155 bonum
1200 2131 1280 2155 esse
1307 2125 1476 2165 oportere
1495 2122 1552 2162 12,
1571 2121 1604 2161 1,
1625 2120 1661 2153 3.

156 2165 199 2210 y)
231 2179 298 2211 seq.
329 2169 590 2212 Conjunctione:
620 2179 688 2203 nos
712 2180 808 2210 non,
841 2169 1021 2214 quomodo
1050 2167 1287 2202 instituendus
1312 2172 1451 2208 orator,
1483 2166 1662 2205 hocloco

157 2211 309 2246 dicimus
335 2216 400 2257 10,
428 2218 464 2258 1,
488 2213 529 2258 43
557 2215 685 2249 durum
709 2221 787 2250 erat
810 2215 953 2259 dicere,
980 2219 1028 2248 ut
1053 2215 1298 2257 relinquerent
1325 2210 1472 2256 (urbem)
1495 2212 1531 2253 9,
1546 2214 1580 2254 2,
1603 2211 1661 2245 62.

200 2257 272 2301 Vl)
299 2273 327 2293 c.
356 2263 440 2295 Dar.
470 2269 529 2296 aut
552 2265 718 2305 Praepos.
742 2262 908 2306 junctum.
957 2261 999 2303 α)
1022 2263 1122 2296 Dat:
1149 2260 1193 2293 ab
1217 2260 1274 2302 iis,
1303 2258 1431 2303 quibus
1456 2256 1534 2302 (iuis
1562 2256 1661 2299 dicit,

156 2303 271 2337 audiri
310 2308 366 2349 12,
405 2309 439 2350 5,
462 2308 496 2341 6.
532 2307 652 2342 redire
676 2307 715 2341 in
736 2307 909 2341 familiam
931 2306 1072 2342 volenti
1099 2305 1229 2339 dicitur
1252 2306 1295 2341 ab
1321 2306 1434 2338 altero
1457 2306 1492 2345 3,
1518 2303 1554 2346 6,
1579 2304 1659 2336 101.

155 2354 192 2381 et
219 2350 300 2383 filiis
324 2357 426 2396 pater
448 2351 486 2385 in
513 2352 648 2393 iudicio
672 2353 928 2395 abdicationis,
953 2359 990 2387 et
1015 2352 1106 2398 patri
1130 2351 1245 2394 filius,
1269 2351 1300 2384 si
1324 2349 1525 2384 dementiae
1553 2359 1661 2382 causa

157 2393 225 2427 erit
257 2404 318 2429 etc.
355 2408 430 2431 non
462 2398 708 2434 inverecunde
747 2400 863 2443 dicet,
890 2401 1042 2433 multum
1066 2409 1131 2431 sua
1158 2397 1363 2431 interfuisse
1390 2399 1435 2439 7,
1458 2393 1501 2438 4,
1526 2397 1583 2431 10.
1614 2394 1660 2436 cs·

156 2441 213 2481 12,
234 2442 268 2481 1»
283 2440 341 2475 40-
380 2443 424 2487 β)
449 2457 476 2479 c.
497 2448 659 2489 Praepos.
680 2447 752 2481 de.-
778 2447 832 2482 de
856 2456 895 2479 se
913 2445 1033 2479 dicere
1047 2443 1084 2487 4,
1097 2447 1130 2487 1,
1150 2447 1184 2478 7.
1205 2445 1240 2487 6,
1263 2446 1297 2486 3,
1315 2441 1375 2478 94.
1393 2453 1448 2485 ea,
1468 2442 1514 2474 de
1531 2440 1659 2485 quibus

156 2485 275 2527 dicat,
311 2489 406 2521 clare
442 2495 548 2533 atque
584 2491 774 2527 evidenter
814 2492 1005 2526 ostendere
1031 2492 1067 2533 8,
1091 2492 1126 2532 3,
1149 2490 1206 2525 86.
1229 2490 1274 2524 de
1302 2499 1374 2533 quo
1398 2493 1524 2532 postea
1547 2485 1662 2533 dicam

155 2533 191 2572 7,
231 2533 264 2572 3,
292 2536 347 2565 11.
383 2534 427 2567 de
463 2536 589 2578 quibus
616 2540 723 2581 paulo
747 2544 830 2583 post
858 2537 974 2571 dicam
997 2538 1032 2577 9,
1059 2539 1094 2579 1,
1119 2534 1176 2572 14.
1202 2536 1246 2571 de
1275 2547 1346 2580 qua
1373 2533 1450 2567 dixi
1472 2534 1507 2574 9,
1534 2533 1569 2572 3,
1597 2533 1655 2565 97.

156 2577 202 2610 de
240 2588 311 2620 quo
346 2578 501 2613 diximus
534 2584 651 2617 adhuc
687 2587 743 2626 11,
768 2587 803 2627 2,
830 2587 863 2618 1.
889 2585 934 2618 de
976 2593 1048 2628 quo
1080 2582 1279 2616 novissime
1306 2579 1382 2613 dixi
1408 2582 1443 2620 7,
1467 2580 1514 2629 ⁵2,
1529 2575 1586 2610 24.
1613 2578 1658 2610 de

156 2622 288 2667 quibus
329 2635 435 2668 supra
470 2626 546 2661 dixi
583 2631 614 2670 1,
644 2629 678 2671 5,
703 2632 748 2664 33
783 2635 829 2664 Ζ.
864 2630 908 2663 de
943 2640 1015 2674 quo
1046 2639 1114 2663 nos
1139 2628 1178 2662 in
1201 2624 1414 2674 argumentis
1441 2623 1595 2656 diximus
1620 2623 1656 2673 9,

154 2671 191 2710 2,
217 2670 298 2702 103.
326 2670 371 2704 de
400 2670 527 2714 quibus
554 2673 682 2707 dicturi
702 2675 834 2709 erimus
853 2678 910 2718 10,
927 2679 963 2717 7,
988 2674 1044 2710 15.
1070 2679 1110 2708 ut
1134 2675 1246 2708 modo
1273 2674 1316 2705 de
1340 2679 1495 2721 persona
1519 2666 1700 2720 comioqf:

158 2714 320 2748 dixeram
360 2718 414 2758 11,
439 2718 474 2759 3,
498 2717 554 2753 79.
582 2725 620 2752 ut
659 2721 704 2754 de
738 2731 812 2755 uno
842 2721 1055 2765 pluraliter,
1094 2726 1131 2754 et
1159 2721 1203 2753 de
1233 2717 1394 2762 pluribus
1430 2716 1655 2761 singulariter

158 2759 317 2794 dicamus
340 2762 376 2803 9,
398 2763 435 2804 3,
459 2765 515 2797 20.
544 2764 636 2798 bene
666 2765 787 2800 dicere
818 2769 929 2801 multa
959 2768 1004 2800 de
1027 2764 1149 2810 paucis
1184 2767 1240 2807 10,
1268 2766 1301 2803 5,
1327 2765 1383 2796 11.
1407 2760 1585 2805 ipsarum,
1609 2753 1655 2792 de

158 2806 287 2852 Ἰώδα*
312 2807 484 2852 dioimus,
518 2821 638 2847 rerum
663 2812 698 2854 9,
723 2811 759 2854 4,
786 2813 864 2848 139.
899 2813 1020 2848 dicere
1058 2813 1102 2847 de
1137 2821 1243 2846 causa
1279 2811 1335 2853 11,
1361 2809 1395 2851 3,
1421 2808 1500 2844 156.
1534 2807 1580 2843 do
1602 2804 1652 2846 (⁰-
