1728 3002
104 179 187 220 584
318 207 321 209 -
598 171 814 228 Nuptialis
843 197 900 203 -
931 170 1141 228 ObJ'ectus

104 277 343 372 Nuptialis-1
382 290 589 373 t7am28Gajas
616 299 695 324 esse
722 287 918 332 vocitatas,
944 297 1050 332 quam
1077 287 1202 332 Gaios,
1227 297 1275 322 ex
1302 287 1519 333 nuptialibus
1543 288 1654 323 sacris

155 344 301 382 apparet
349 363 359 381 ,
409 364 419 381 ‚
492 361 501 370 .
785 347 789 354 ¹
991 355 993 358 ⁴

108 381 271 426 Nurus.
326 401 366 429 ut
388 394 427 428 in
450 398 615 438 suspecta
637 403 745 435 nuru,
769 389 872 425 Duxi
898 398 1063 434 uxorem,
1092 401 1184 435 quae
1207 390 1299 436 patri
1323 391 1455 435 placuit
1476 384 1574 436 9‚'2.
1595 392 1654 427 69.

109 438 345 496 Nusquam.
382 463 418 485 n.
440 457 506 491 est,
532 451 594 496 qui
619 448 818 497 cognoscit,
848 448 1020 483 intentior
1042 449 1161 499 (quum
1180 451 1214 483 in
1242 449 1482 493 altercatione)
1505 449 1541 493 6,
1563 448 1598 493 4,
1617 450 1652 484 5.

110 495 301 540 Nutatio.
357 509 418 543 illa
438 510 609 554 frequens
634 513 669 542 et
692 507 731 541 in
755 513 944 551 utramque
969 512 1107 551 partem
1132 512 1208 541 nut.
1235 509 1292 551 11,
1317 509 1352 552 3,
1378 508 1455 544 129.

111 552 351 596 Nutricula.
399 565 530 600 fabulis
555 566 812 600 nutricularum
841 567 875 608 1,
901 565 938 608 9,
962 567 996 598 2.

112 609 284 654 Nutrix.
334 624 499 659 notrix
524 626 557 666 1,
581 621 617 666 4,
643 623 696 658 16.
732 621 911 656 nutricum
934 621 1113 656 allectatio
1139 624 1174 665 1,
1201 623 1257 665 10,
1283 622 1342 657 32.
1365 626 1406 655 ut
1426 626 1570 656 teneras
1595 622 1659 655 ad-

157 669 228 703 huc
251 677 390 705 mentes
414 681 515 705 more
539 669 718 704 nutricum
741 668 885 703 mollius
909 669 1003 702 alant
1031 671 1065 712 2,
1092 668 1128 709 4,
1165 667 1197 703 5.
1245 666 1342 702 Ante
1373 668 1507 711 omnia,
1541 679 1588 703 ne
1614 668 1659 702 sit

143 715 312 750 —vitiosus
337 727 455 752 sermo
482 716 701 751 nutricibus:
748 727 850 760 quas,
883 714 915 748 si
947 714 1024 749 fieri
1054 720 1196 759 posset,
1232 714 1412 758 sapientes
1437 714 1659 760 Chrysippus

159 763 320 806 optavit,
357 769 478 806 certe,
513 769 684 807 quantum
707 773 766 796 res
790 766 994 806 pateretur,
1036 760 1187 806 optimas
1223 759 1308 808 eligi
1339 760 1458 796 voluit
1489 764 1523 804 1,
1557 764 1590 804 1,
1624 763 1658 796 3.

158 814 198 842 ut
222 808 464 855 Chrysippus;
498 821 581 843 nam
605 809 657 850 is,
689 808 851 853 quamvis
875 807 1072 850 nutricibus
1107 806 1301 842 triennium
1334 806 1498 850 dederit,
1542 812 1661 841 tamen

160 854 204 888 ab
227 854 298 890 illis
323 867 467 901 quoque
488 857 560 901 jam
582 855 844 889 informandam
868 866 974 899 quam
999 852 1141 898 optimis
1163 853 1332 888 institutis
1362 859 1520 887 mentem
1541 852 1662 886 insan-

159 900 247 935 tium
270 903 404 947 judicat
425 905 467 937 ib.
495 903 552 938 16.
601 902 694 935 Illud
718 912 807 937 vero
837 896 1061 943 insidiantis,
1106 909 1178 944 quo
1202 910 1259 934 me
1282 898 1446 943 validius
1471 899 1662 942 cruciaret,

160 947 330 983 fortunae
354 949 442 992 fuit,
477 954 516 982 ut
537 960 594 983 me
621 947 765 993 (filius)
791 946 863 981 suis
888 953 981 981 nutr.
1008 954 1069 980 eto.
1100 946 1292 980 anteferret
1316 947 1352 990 6,
1384 946 1441 979 Pr.
1470 946 1505 980 8.
1553 945 1585 979 si
1607 951 1662 979 ta-

159 1005 242 1028 men
265 1006 340 1029 non
364 995 570 1042 continget,
604 996 727 1040 quales
756 993 914 1028 maxime
948 992 1080 1036 velim,
1121 992 1279 1026 nutrices
1313 1010 1360 1017 --
1389 991 1524 1026 habere
1562 994 1594 1034 1,
1629 994 1662 1034 1,

163 1043 220 1074 11.
266 1041 423 1076 infantes
446 1053 467 1075 a
488 1041 595 1075 mutis
623 1053 662 1075 n.
690 1041 831 1075 educati
863 1042 919 1082 10,
945 1042 979 1082 1,
1009 1042 1053 1073 10
1078 1039 1149 1081 Ν.;
1174 1038 1212 1072 in
1236 1037 1388 1086 epilogis
1404 1037 1559 1083 quidam,
1584 1037 1662 1082 qui-

159 1087 226 1121 bus
249 1089 391 1132 volunt,
417 1089 690 1122 accommodant
714 1086 873 1121 nutrices
899 1090 934 1130 7,
962 1089 998 1130 2,
1024 1086 1078 1120 56.
1424 1090 1429 1093 “
1466 1085 1471 1091 ’

114 1128 268 1174 Nutus.
317 1157 416 1179 arma
443 1157 620 1186 avocare,
655 1150 692 1178 et
714 1145 815 1180 velut
838 1149 928 1178 nutu
950 1143 1079 1177 fallere
1106 1145 1140 1186 9,
1166 1143 1200 1184 1,
1232 1142 1279 1176 20
1303 1141 1348 1175 Ν.
1396 1140 1561 1176 diversos
1595 1152 1665 1174 nu-

158 1194 216 1268 ttus
240 1192 545 1271 agtoiadhibebit
569 1194 625 1234 11,
650 1193 686 1234 3,
714 1192 795 1226 182.
841 1191 1012 1235 frequens
1036 1189 1114 1234 ejus
1138 1187 1296 1233 (capitis)
1321 1199 1356 1222 n.
1385 1198 1460 1221 non
1483 1192 1581 1222 caret
1607 1186 1665 1221 vi·-

178 1247 214 1270 10
240 1249 251 1269 1
275 1262 284 1271 .
362 1260 374 1273 .
880 1247 882 1249 ’

868 1327 926 1374 Ο.

119 1415 174 1459 0·
201 1432 318 1463 litera.-
343 1428 435 1464 sicut
444 1441 500 1473 ap.
522 1429 681 1463 Graecos
697 1427 728 1462 Ο
744 1426 867 1461 literae
879 1426 1033 1470 (forma),
1062 1438 1152 1471 quae
1175 1426 1317 1461 interim
1332 1427 1441 1471 longa
1461 1437 1503 1460 ac
1526 1426 1663 1470 brevis,

163 1481 203 1510 ut
229 1487 285 1519 ap.
309 1486 400 1519 nos,
431 1475 575 1510 interim
607 1485 673 1518 pro
708 1474 861 1518 syllaba,
908 1485 1014 1518 quam
1045 1473 1190 1507 nomine
1224 1482 1290 1506 suo
1320 1472 1507 1516 exprimit,
1547 1473 1663 1516 posita

164 1527 218 1556 est
244 1525 278 1566 1,
301 1525 339 1566 7,
365 1525 406 1556 11
434 1523 483 1558 N.
509 1529 540 1555 et
569 1523 605 1554 S.
654 1521 686 1555 Ο
712 1526 817 1563 atque
851 1520 882 1553 U
909 1524 1128 1564 permutatae
1152 1518 1327 1554 invicem
1351 1521 1383 1560 1,
1407 1517 1442 1560 4,
1470 1519 1524 1553 16.
1556 1518 1600 1559 cf.
1629 1523 1662 1562 1,

165 1568 204 1611 6,
225 1571 284 1602 22.
333 1580 426 1613 quae
456 1567 607 1612 (verba)
632 1578 652 1601 e
682 1572 719 1600 et
741 1576 763 1599 o
788 1565 901 1600 literis
928 1565 1062 1599 fatendi
1084 1566 1192 1599 modo
1226 1565 1461 1598 terminantur
1496 1568 1528 1604 1,
1564 1565 1597 1605 6,
1630 1568 1664 1599 7.
1721 1582 1725 1586 f

165 1625 256 1659 quae
282 1625 304 1649 o
326 1616 438 1649 solam
461 1614 594 1648 habent
618 1615 662 1647 ib.
690 1613 725 1647 8.
756 1611 800 1653 cs.
830 1614 887 1647 15.
936 1612 1123 1655 Latinum,
1156 1611 1252 1655 quod
1285 1622 1307 1645 o
1339 1615 1375 1645 et
1397 1621 1422 1643 n
1448 1609 1560 1644 literis
1587 1610 1666 1644 fini-

164 1666 288 1704 retur,
314 1672 389 1695 non
412 1660 641 1705 reperiebant
666 1661 698 1702 1,
723 1660 757 1698 5,
783 1658 839 1692 60.
965 1671 970 1674 ·

120 1703 174 1748 0·
229 1718 412 1761 interjectio
427 1733 437 1752 :
475 1718 558 1751 illae
585 1716 829 1758 elevationes,
865 1715 897 1750 Ο
922 1714 970 1748 (1ίί
993 1714 1082 1748 boni
1110 1712 1303 1758 (ironice)!
1328 1714 1364 1757 9,
1389 1716 1422 1755 2,
1455 1714 1514 1748 50.
1539 1712 1580 1754 [o
1603 1713 1665 1757 (Ζ.

166 1766 245 1807 om.)
269 1765 391 1812 leges,
428 1762 717 1810 diligentissimae
740 1761 888 1806 pudoris
914 1762 1081 1795 custodes
1103 1763 1139 1803 8,
1176 1763 1211 1803 5,
1238 1757 1321 1804 19.]
1372 1760 1404 1795 Ο
1428 1761 1492 1802 (α.
1533 1763 1555 1794 2.
1586 1759 1667 1802 om.)

166 1811 298 1845 frustra
326 1811 396 1845 mei
419 1810 575 1854 suscepti
597 1811 740 1842 labores
765 1816 825 1842 etc.
856 1811 939 1843 Cic.
963 1808 1000 1850 6,
1029 1811 1062 1842 1.
1091 1810 1137 1841 27
1163 1809 1208 1842 N.
1239 1821 1286 1842 cr.
1334 1806 1366 1841 Ο
1395 1805 1536 1840 facinus
1571 1805 1667 1838 indi-

166 1867 274 1903 gnum
291 1858 323 1901 5,
355 1860 410 1899 12,
437 1860 503 1898 123
531 1856 562 1890 Ο
588 1866 746 1889 amorem
769 1854 915 1888 mirum!
943 1854 974 1889 Ο
1002 1853 1291 1889 benevolentiam
1309 1853 1524 1900 singularem
1548 1850 1699 1899 (tiron.)¹

169 1906 251 1938 Cic.
276 1904 311 1945 9,
337 1906 372 1947 2,
401 1904 465 1946 513
501 1903 532 1937 Ο
557 1914 663 1947 quam
687 1901 782 1934 istud
807 1912 959 1946 parvum
982 1906 1106 1945 putant
1144 1903 1197 1943 12,
1223 1903 1258 1942 2,
1287 1890 1326 1935 31
1658 1924 1660 1927 s

123 1946 207 1989 Ob·
255 1961 301 1994 ob
325 1960 363 1993 id
387 1971 471 1994 reus
496 1963 552 2002 12,
580 1961 623 1998 3,,
640 1958 697 1993 40.
729 1959 783 1992 ob
807 1959 896 1992 hoc
923 1951 1097 1992 memoria
1124 1957 1283 2004 dignum,
1315 1958 1435 2002 quod
1461 1964 1522 1992 eie.
1549 1958 1604 2000 10,
1634 1959 1674 2001 1,

169 2008 224 2041 80.
274 2011 445 2050 quantum
468 2006 515 2040 ob
540 2017 582 2040 ea
606 2003 798 2049 (crimina)
822 2003 1022 2047 periculum
1047 2003 1249 2038 intentetur
1267 2002 1303 2046 4,
1329 2006 1364 2046 3,
1391 2007 1427 2038 7.
1465 2002 1669 2037 inimicitias

171 2052 371 2096 suscepisse
402 2054 448 2086 ob
473 2051 619 2096 aliquod
644 2053 779 2085 factum
803 2052 994 2084 honestum
1022 2050 1057 2093 6,
1086 2053 1119 2092 1,
1145 2052 1202 2085 22.
1249 2050 1296 2084 ob
1324 2050 1480 2094 aliquam
1505 2058 1669 2094 magnam

170 2098 415 2133 infelicitatem
440 2101 496 2141 11,
523 2103 556 2141 1,
585 2098 641 2132 56.
667 2098 714 2131 ob
731 2096 988 2142 poenitentiam
1011 2099 1068 2135 11,
1095 2099 1127 2138 1,
1153 2095 1218 2138 56;
1244 2095 1306 2140 qui
1329 2097 1380 2130 ob
1405 2106 1483 2129 rem
1505 2095 1668 2138 judican—

170 2145 251 2178 dam
274 2145 464 2188 pecuniam
488 2144 644 2189 accepit,
681 2149 717 2178 et
740 2144 797 2178 ob
822 2143 1014 2177 dicendum
1036 2143 1167 2176 falsum
1188 2141 1431 2176 testimonium
1458 2141 1610 2186 accipiet
1633 2144 1669 2186 5,

125 2232 384 2277 obambulo·
432 2248 662 2282 obambulare
687 2257 854 2281 sermone
877 2245 1088 2290 imperfecto
1117 2244 1179 2290 (in
1198 2243 1350 2289 judicio)
1375 2245 1432 2287 11,
1455 2245 1490 2287 3,
1515 2246 1595 2279 121.

126 2290 320 2335 OdeGO·
367 2304 532 2339 omnibus
556 2305 717 2348 ejusdem
742 2303 862 2348 operis
885 2303 1090 2338 auctoribus
1117 2303 1259 2349 fulgore
1287 2302 1395 2346 quod.
1418 2312 1503 2336 suae
1527 2301 1671 2337 clarita-

171 2351 216 2385 tis
241 2350 476 2393 (Memnder)
501 2352 667 2385 tenebras
690 2350 735 2394 (a.
751 2355 773 2384 l.
811 2348 890 2392 om.)
916 2349 1068 2383 obduxit
1091 2350 1140 2395 (α.
1167 2349 1289 2383 1.·add.
1307 2353 1352 2383 al.
1367 2347 1467 2391 ind.)
1489 2349 1589 2392 10,1,
1607 2351 1667 2383 72.

125 2393 390 2438 Obdffl'eSCO·
421 2408 595 2443 dociliora
619 2414 702 2443 sunt
724 2407 880 2455 ingenia,
903 2406 1109 2451 priusquam
1133 2406 1378 2440 obduruerunt
1403 2407 1436 2449 1,
1461 2407 1517 2448 12,
1540 2406 1576 2441 9.

128 2450 372 2509 [OboliSCQ
397 2466 439 2498 In
469 2466 615 2500 Graecis
641 2467 698 2500 ob.
726 2473 786 2500 eto.
814 2466 902 2498 dure
927 2463 1034 2499 etiam
1058 2464 1207 2511 iungere
1239 2469 1405 2499 vetamur
1426 2463 1460 2507 8,
1491 2463 1526 2506 6,
1550 2463 1595 2497 33
1619 2462 1666 2497 N.

173 2523 220 2542 cr.
247 2517 277 2542 et
303 2511 364 2551 S.;
390 2515 481 2544 locus
506 2520 680 2557 corruptus
707 2524 741 2546 v·
768 2509 1062 2555 Coludumo.]
1631 2517 1633 2521 '

127 2552 265 2596 obeo·
323 2566 396 2600 obii
420 2569 633 2614 legationem
657 2570 692 2612 9,
719 2571 752 2610 3,
778 2568 834 2604 55.

129 2609 361 2668 obequito·
417 2631 553 2660 transL:
589 2627 620 2660 si
643 2625 730 2669 juris
766 2626 970 2670 anfractus,
1016 2630 1077 2659 aut
1111 2624 1290 2659 eruendae
1323 2621 1484 2659 veritatis
1513 2621 1677 2656 latebras

176 2669 275 2704 adire
300 2673 466 2715 cogetur,
501 2681 575 2705 non
599 2671 820 2716 obequitabit
845 2669 996 2716 (oratio)
1028 2675 1083 2715 12,
1107 2673 1144 2715 9,
1169 2673 1204 2705 3.

128 2713 351 2769 ObjectUS·
398 2726 543 2760 finditur
566 2729 709 2772 spiritus
734 2729 876 2771 obiectu
905 2729 1025 2775 aliquo
1052 2731 1110 2773 11,
1142 2731 1177 2772 3,
1201 2729 1257 2762 21.
1291 2736 1403 2771 aquae
1431 2725 1579 2770 objectu
1615 2706 1676 2758 122

175 2772 340 2816 pinorum
364 2773 566 2808 resultantis
595 2778 650 2818 12,
680 2777 714 2817 2,
747 2778 800 2808 11.
