1728 3002
138 192 222 233 254
735 190 905 234 Divisio
938 216 989 224 —-
1019 192 1089 235 Do

186 305 309 342 divina
334 305 388 339 M.
415 305 527 339 Tullii
554 307 759 350 eloquentia
786 309 822 349 2,
849 307 903 350 16,
931 311 966 342 7.
991 309 1183 353 eloquendi
1209 311 1377 346 facultate
1399 312 1568 348 divina
1591 327 1681 360 qua-

185 354 267 388 dam
291 358 327 387 et
349 351 603 387 Homerica
629 355 686 398 10,
713 357 744 394 1,
770 354 827 387 81.
854 353 927 389 div.
953 355 1110 389 honores
1138 358 1182 399 3,
1211 359 1257 400 7,
1284 360 1341 392 17.
1379 358 1452 394 div.
1478 360 1539 395 illa
1562 362 1678 396 ironia

183 399 221 443 4,
247 403 280 443 1,
308 401 366 434 70.
391 398 463 433 div.
486 398 582 433 illius
605 406 753 434 naturae
777 403 812 442 7,
836 400 871 442 3,
895 401 927 436 5.
955 401 1128 446 loquendi
1154 401 1250 437 nitor
1271 402 1333 437 ille
1360 403 1433 440 div.
1460 408 1525 450 10,
1555 411 1570 441 1
1587 433 1597 449 ,
1622 410 1682 443 83.

187 446 261 481 div.
282 446 386 493 origo
411 448 582 488 12‚2,21.
609 445 872 482 divinarum
897 448 1273 494 humanarumque
1295 461 1418 484 rerum
1442 454 1500 495 12,
1515 455 1550 495 2,
1566 455 1600 489 8.
1619 457 1678 490 20.

185 492 230 535 cs.
260 495 318 535 10,
347 495 379 535 1,
407 493 464 530 35.
503 491 577 527 div.
605 493 733 538 spiritu
757 495 812 536 12,
839 495 892 535 10,
918 493 975 528 24.
1006 495 1080 530 div.
1108 495 1311 531 testimonia
1333 497 1367 541 5,
1391 500 1427 541 7,
1451 498 1509 533 35.

135 549 320 593 Divisio.
345 561 552 597 ,Ciceronis
576 562 795 606 temporibus
817 563 1032 608 paulumque
1055 563 1151 598 infra
1177 564 1466 600 divissiones
1491 565 1677 611 (scriptum)

182 611 215 650 1,
245 611 280 651 7,
306 610 364 642 20.
389 608 435 642 sit
458 608 640 643 divisio
663 620 783 643 rerum
799 609 952 653 plurium
974 610 1011 643 in
1036 610 1209 658 singulas,
1231 612 1434 655 partitio
1460 613 1680 660 singularum

179 654 219 688 in
246 660 364 699 partes
392 655 566 689 discretus
591 656 702 699 ordo,
743 661 779 689 et
805 662 903 690 recta
928 657 1100 700 quaedam
1129 657 1260 692 locatio
1285 657 1465 702 prioribus
1492 661 1678 704 sequentia

180 707 389 735 annectens:
419 701 690 746 dispositio,
715 702 812 736 utilis
838 714 958 737 rerum
975 714 1017 737 ac
1038 703 1191 747 partium
1211 703 1249 738 iu
1273 706 1374 739 locos
1398 704 1678 740 distributio

180 751 218 791 7,
247 750 280 790 1,
308 750 341 782 1.
368 747 603 782 divisione
635 749 798 792 adjuvari
821 748 1047 792 finitionem,
1079 761 1229 795 eamque
1257 751 1381 786 differe
1407 764 1428 786 a
1459 752 1680 796 partitio-

181 805 206 827 n
221 805 258 836 e,
290 795 386 838 quod
410 795 500 828 haec
522 794 568 829 sit
591 794 700 829 totius
726 795 764 829 in
789 802 926 840 partes,
958 796 1019 829 illa
1042 796 1185 843 generis
1206 796 1244 831 in
1281 798 1428 833 formas.
1461 799 1502 841 5,
1529 801 1592 842 10,
1620 800 1676 834 63.

180 841 251 874 hoc
287 841 482 874 secundum
519 841 738 884 (barbarismi
770 841 898 886 genus)
934 842 1207 885 divisione,
1245 844 1582 888 complexione
1617 853 1680 879 etc.

181 886 358 921 contineri
386 890 419 928 1,
447 888 481 929 5,
506 888 541 922 6.
573 887 735 932 plerique
760 900 808 922 ex
843 889 1168 924 commissuris
1207 900 1333 924 eorum
1363 890 1587 934 (verborum)
1618 892 1680 926 vel

183 932 422 968 divisione
445 934 537 969 fiunt
562 936 673 978 pedes
697 935 731 976 9,
748 933 785 978 4,
809 935 865 971 90.
880 935 1012 970 divisio
1038 935 1241 979 (verborum)
1264 936 1498 981 respiratione
1519 942 1556 971 et
1578 947 1680 971 mora

181 985 321 1013 constat
343 983 378 1022 7,
401 982 437 1022 9,
468 983 522 1014 11.
550 980 594 1022 cf.
622 982 656 1016 9.
687 986 742 1015 est
771 973 949 1025 quoddam
971 982 1009 1016 in
1035 982 1113 1025 ipsa
1140 982 1320 1017 divisione
1343 984 1538 1018 verborum
1562 984 1680 1018 latens

181 1031 322 1070 tempus
346 1028 382 1068 9,
398 1026 435 1069 4,
451 1027 507 1061 98.
542 1031 673 1071 poetae
693 1027 799 1061 etiam
814 1029 1009 1063 verborum
1027 1028 1205 1063 divisione
1231 1029 1327 1073 (Sp.
1348 1050 1394 1056 —
1415 1032 1516 1073 nem)
1539 1029 1678 1064 faciunt

183 1071 232 1116 (38
246 1085 281 1116 p.
306 1075 406 1106 inser.
430 1071 487 1115 et)
511 1073 838 1120 transgressionem
863 1076 898 1117 8,
920 1075 955 1117 6,
970 1075 1017 1110 66
1034 1079 1076 1110 Ζ.
1110 1075 1205 1118 div.,
1231 1087 1314 1110 cum
1341 1075 1532 1120 plurimum
1555 1070 1678 1111 valea't

178 1119 217 1152 in
245 1118 381 1160 causis,
427 1119 585 1162 speciem
609 1119 742 1154 virium
769 1120 898 1155 minuit
931 1124 976 1165 2,
1002 1124 1064 1163 12,
1092 1123 1125 1156 3.
1170 1122 1245 1157 div.
1278 1133 1424 1167 quoque
1453 1122 1557 1164 ‚affert
1593 1133 1678 1157 ean—

180 1166 262 1197 dem
298 1165 369 1207 (sc.
406 1177 505 1209 quam
541 1166 882 1207 conjunctiones
915 1169 1154 1212 quaedam)
1185 1168 1349 1212 injuriam
1382 1168 1532 1212 pudori,
1576 1174 1618 1201 ut
1647 1167 1679 1202 si

179 1210 564 1253 intercapedinis
590 1210 815 1246 nominativo
839 1223 924 1246 casu
947 1213 1027 1257 quis
1055 1219 1176 1247 utetur
1195 1216 1231 1256 8,
1257 1217 1293 1256 3,
1318 1214 1366 1249 46
1393 1215 1446 1257 Ν,
1469 1216 1680 1258 scrupulose

177 1256 216 1290 in
231 1261 349 1300 partes
367 1262 466 1291 secta
483 1255 670 1291 divisionis
688 1257 871 1304 diligentia
891 1260 928 1303 (ἰ.
948 1273 978 1303 q.
999 1264 1101 1302 paulo
1118 1267 1194 1293 anie
1215 1260 1397 1294 distinctio
1414 1260 1678 1304 quaestionum)

179 1304 214 1344 4,
243 1305 277 1344 5,
302 1303 336 1337 6.
366 1304 411 1336 Ν.
443 1316 488 1336 cr.
513 1304 626 1338 altera
656 1309 711 1337 est
739 1303 888 1344 divisio.
922 1316 1012 1349 quae
1035 1305 1074 1338 in
1097 1311 1170 1339 tres
1198 1312 1318 1349 partes
1348 1312 1385 1340 et
1418 1307 1496 1349 ipss
1529 1306 1680 1340 discedit

180 1351 237 1392 12,
262 1351 318 1388 10,
345 1350 411 1391 583
439 1349 478 1383 in
501 1349 623 1383 caedis
649 1361 691 1384 ac
715 1350 883 1385 veneficii
905 1351 1021 1385 causis
1047 1352 1219 1396 frequens
1245 1358 1299 1386 est
1321 1352 1382 1386 illa
1409 1352 1562 1395 divisio,
1594 1353 1680 1386 Non

180 1401 234 1429 est
258 1396 411 1429 sactum:
442 1401 502 1438 et,
530 1395 561 1430 si
585 1401 640 1430 est
661 1397 817 1438 factum,
854 1407 923 1443 ego
947 1408 1020 1432 non
1044 1398 1128 1431 feci.
1153 1401 1189 1440 7,
1215 1401 1251 1440 2,
1278 1401 1334 1432 11.
1363 1397 1408 1439 cs.
1437 1401 1472 1440 2,
1498 1397 1535 1441 4,
1561 1397 1619 1433 34.
1642 1401 1679 1441 7,

177 1440 214 1482 4,
239 1442 307 1483 19;
334 1447 373 1475 ut
398 1454 418 1476 a
445 1441 560 1485 prima
584 1442 762 1477 divisione
790 1443 912 1477 ordiar
935 1445 971 1486 8,
996 1446 1031 1486 3,
1057 1447 1113 1477 11.
1151 1443 1194 1485 cf.
1226 1444 1272 1487 6,
1296 1447 1343 1488 3,
1367 1447 1424 1478 22.
1459 1447 1527 1487 12,
1554 1447 1617 1487 10,
1642 1447 1676 1478 1.

178 1487 310 1522 clarior
331 1488 404 1522 div.
432 1489 476 1529 3,
491 1489 525 1531 5,
544 1491 577 1524 2.
603 1488 738 1522 rectior
762 1489 836 1523 div.
863 1493 898 1533 7,
916 1492 948 1529 2,
965 1491 1011 1525 39
1034 1491 1083 1524 N.
1109 1489 1257 1524 subtiles
1281 1490 1428 1524 nimium
1451 1491 1676 1535 quorundam

178 1533 375 1569 divisiones
398 1533 434 1576 4,
465 1538 499 1577 2,
524 1537 569 1578 2;
607 1535 738 1570 divisio
772 1535 904 1570 inter
930 1535 1072 1570 Atticos
1099 1542 1206 1581 atque
1233 1536 1390 1571 Asianos
1436 1539 1500 1579 12,
1527 1539 1594 1580 10,
1618 1537 1678 1571 16.

176 1580 307 1615 divisio
335 1580 374 1614 in
410 1581 541 1628 digitos
577 1581 722 1616 diducta
744 1581 780 1625 4,
806 1582 839 1622 5,
868 1582 932 1625 24;
973 1581 1102 1617 Cicero
1125 1602 1172 1608 —
1194 1585 1264 1617 hac
1297 1595 1382 1618 usus
1408 1589 1462 1617 est
1485 1582 1678 1626 divisione,

176 1628 428 1670 spectandum,
463 1639 483 1661 a
513 1638 586 1671 quo
621 1628 778 1663 maxime
810 1629 926 1664 velint
961 1628 1003 1671 ii,
1049 1640 1200 1673 quorum
1234 1630 1279 1663 de
1312 1629 1450 1663 ultione
1481 1629 1677 1674 quaeritur,

177 1684 198 1706 a
217 1683 288 1716 quo
312 1672 458 1707 minime
481 1673 570 1707 velit
596 1674 646 1717 is,
672 1674 732 1719 qui
758 1682 819 1708 eic-
847 1679 880 1716 7,
906 1675 942 1719 4,
970 1677 1036 1717 333
1078 1686 1146 1709 nos
1170 1674 1414 1710 divisione
1438 1676 1506 1708 hac
1529 1674 1675 1718 utimur,

176 1725 223 1752 ut
248 1719 292 1752 ab
319 1730 384 1762 eo,
418 1721 514 1763 quod
543 1722 686 1763 deceat,
723 1721 910 1755 utilitatem
948 1732 1218 1764 separemus
1244 1723 1301 1763 11,
1328 1723 1367 1763 1,
1395 1723 1450 1754 12.
1479 1719 1525 1761 cs.
1556 1722 1602 1762 3,
1637 1720 1673 1762 6,

175 1765 232 1799 62.
269 1775 350 1798 cum
384 1765 429 1798 sit
463 1765 617 1810 divisio,
650 1772 699 1800 ut
733 1767 851 1801 omnia
880 1767 919 1800 in
950 1769 1042 1801 haec
1067 1768 1137 1800 duo
1171 1766 1449 1810 partiamur,
1482 1777 1542 1800 res
1567 1772 1675 1810 atque

174 1820 348 1854 personas
379 1812 422 1854 5,
454 1814 518 1855 10,
549 1815 607 1846 23.
642 1812 705 1845 illa
740 1813 896 1856 divisio,
928 1818 975 1846 ut
1007 1813 1182 1846 dictorum
1211 1813 1430 1846 urbanorum
1466 1811 1535 1846 alia
1567 1812 1674 1854 seria,

175 1856 245 1889 alia
268 1857 409 1899 jocosa,
445 1858 516 1891 alia
539 1858 658 1892 media
685 1859 820 1892 faceret
842 1859 884 1900 6,
910 1861 954 1901 3,
982 1859 1067 1900 106;
1102 1857 1232 1893 divisio
1258 1858 1367 1893 totius
1390 1857 1511 1902 operis
1535 1861 1560 1891 2
1584 1857 1675 1902 Gap.

178 1902 233 1936 14.
271 1901 322 1945 11)
340 1916 437 1936 sensu
458 1905 639 1937 rhetorico:
670 1910 705 1937 et
725 1903 835 1946 iniis,
861 1916 953 1949 quae
972 1904 1196 1948 scripsimus,
1224 1904 1505 1949 complectendis
1525 1905 1677 1939 multum

173 1949 320 1991 valent,
346 1954 381 1982 et
402 1948 440 1982 in
464 1948 529 1991 iis,
559 1961 652 1993 quae
676 1950 886 1997 cogitamuS,
912 1951 1138 1985 continendis
1163 1961 1276 1995 prope
1303 1953 1403 1985 solae
1429 1950 1608 1986 divisio
1637 1956 1674 1984 et

176 1994 484 2038 compositio.
530 1999 587 2038 11,
617 1998 653 2039 2,
678 1997 734 2031 36.
762 1997 952 2041 materias,
990 2009 1078 2041 quas
1105 1997 1288 2041 discipulis
1312 1999 1358 2031 ad
1383 1996 1574 2031 dicendum
1609 1997 1674 2030 da-

173 2041 260 2074 bant
294 2038 613 2086 (praecipientes),
649 2053 722 2076 non
753 2043 914 2077 contenti
952 2043 1130 2079 divisione
1166 2043 1341 2091 dirigere,
1374 2043 1480 2077 latius
1519 2042 1674 2077 dicendo

172 2087 482 2131 prosequebantur
504 2090 539 2130 2,
563 2089 597 2130 6,
627 2091 659 2123 1.
684 2089 1062 2125 emendationem
1087 2089 1232 2124 auribus
1255 2091 1366 2124 modo
1394 2088 1585 2133 accipiunt,
1609 2087 1674 2121 di-

174 2132 417 2167 visionem
455 2145 546 2168 vero
577 2135 621 2168 ad
646 2135 900 2180 cogitationem
925 2136 1031 2170 etiam
1055 2141 1091 2170 et
1115 2136 1234 2170 stilum
1259 2135 1447 2180 perferunt
1469 2137 1512 2169 ib.
1537 2137 1570 2169 3.
1602 2134 1671 2168 di-

174 2178 418 2213 visionem
456 2191 523 2223 pro
556 2181 803 2215 sententia
834 2181 922 2226 poni
947 2200 991 2208 —
1017 2181 1191 2217 Occidisti
1221 2193 1374 2216 uxorem
1399 2181 1478 2226 ipse
1503 2181 1670 2218 adulter:

173 2235 248 2258 non
279 2226 413 2259 ferrem
447 2231 506 2270 te,
539 2226 676 2261 etiamsi
706 2228 950 2272 repudiasses,
989 2228 1120 2263 divisio
1145 2235 1210 2262 est.
1237 2229 1280 2271 8,
1305 2229 1345 2269 5,
1369 2229 1426 2262 30.
1458 2227 1606 2260 modum
1634 2230 1672 2260 et

171 2270 300 2314 finem,
325 2271 386 2315 qui
411 2283 490 2306 esse
515 2273 604 2307 citra
627 2273 843 2308 divisionem
866 2276 985 2308 nullus
1007 2280 1126 2318 potest
1153 2277 1209 2317 10,
1229 2277 1262 2316 7,
1287 2277 1320 2308 7.
1355 2272 1543 2308 divisionis
1566 2282 1673 2316 prae-

173 2322 276 2359 cepta
300 2319 335 2359 3,
359 2319 394 2360 6,
418 2319 477 2354 91.
503 2318 580 2363 (fig.
606 2332 663 2364 ap.
693 2320 815 2364 Cels.)
847 2322 883 2364 9,
907 2324 942 2364 2,
967 2321 1047 2356 105.
1073 2322 1132 2354 De
1157 2319 1336 2355 divisione
1357 2322 1380 2353 2
1405 2319 1490 2363 cap.
1518 2319 1555 2353 6.

125 2369 330 2413 Dlvltlae.
369 2399 427 2405 ·-·
465 2398 511 2420 an
544 2387 687 2431 pariant
717 2388 920 2433 superbiam
953 2391 997 2431 3,
1027 2389 1072 2432 6,
1104 2388 1162 2423 57.
1187 2407 1233 2414 —
1263 2387 1496 2422 certissimum
1533 2385 1671 2420 faciunt

171 2438 313 2462 morum
339 2430 625 2473 experimentum
649 2436 684 2477 3,
710 2437 752 2477 7,
778 2433 833 2468 14.
860 2434 1083 2476 divitiarum,
1119 2445 1205 2477 quas
1235 2444 1309 2467 non
1345 2435 1534 2476 habemus,
1565 2442 1669 2466 usum

172 2473 364 2517 disponere
387 2478 422 2518 6,
439 2480 474 2518 2,
495 2481 561 2521 303
598 2491 751 2524 quorum
776 2481 973 2523 (verborum
997 2482 1083 2513 idem
1104 2482 1385 2523 significantium)
1397 2479 1514 2514 ’nobis
1538 2478 1620 2512 ube
1630 2487 1671 2510 r-

170 2525 308 2553 tatem
335 2531 377 2554 ac
402 2521 598 2558 divitias
626 2526 723 2560 dabit
749 2526 858 2561 lectio
896 2528 958 2568 10,
985 2528 1027 2569 1,
1055 2527 1110 2560 13·

123 2563 370 2606 Divortium
400 2589 454 2597 —
490 2580 624 2615 factum
647 2586 682 2625 7,
704 2582 740 2626 4,
766 2586 822 2617 11.

123 2619 278 2662 Divus.
307 2646 364 2653 —-
390 2632 575 2680 Augustus
598 2639 634 2680 6,
659 2641 695 2682 3,
720 2641 778 2675 79.
805 2640 871 2674 sub
894 2639 980 2675 divo
1009 2640 1057 2684 (a.
1083 2643 1106 2672 l.
1136 2639 1214 2685 dio)
1249 2641 1373 2680 Vifg·
1397 2637 1434 2680 9²
1458 2637 1493 2679 3,
1517 2637 1575 2670 2¹·
1640 2650 1645 2653 ’

54 2747 58 2749 α
123 2686 208 2730 Do·
256 2697 287 2741 Ῑ)
317 2697 360 2743 α)
389 2702 432 2734 de
464 2705 561 2735 rebus
593 2710 771 2748 corporeis.
810 2709 887 2743 det
918 2709 1141 2742 Halonesum
1165 2707 1368 2751 Philippus,
1400 2715 1447 2738 an
1479 2701 1670 2737 reddat?

171 2747 206 2788 3,
231 2746 264 2786 8,
289 2745 323 2780 5.
357 2746 483 2781 decem
505 2748 618 2783 millia
642 2752 737 2786 dabit
759 2753 795 2796 4,
818 2757 855 2798 2,
880 2755 938 2791 69.
962 2757 997 2795 7,
1024 2753 1060 2797 4,
1083 2753 1142 2789 42.
1166 2759 1206 2788 ut
1228 2750 1478 2789 velocissimus
1501 2749 1667 2793 quisque,

170 2791 202 2826 si
218 2792 314 2827 forte
337 2791 406 2827 iter
429 2804 510 2828 cum
534 2797 686 2839 parvulo
709 2799 830 2843 faciat,
851 2801 914 2835 det
935 2811 1081 2836 manum
1103 2803 1139 2843 2,
1156 2802 1192 2843 3,
1213 2802 1248 2835 7.
1283 2798 1481 2834 antidotum
1498 2807 1539 2831 se
1562 2796 1668 2830 datu-
