1728 3002
593 207 795 264 Speciose
823 231 879 238 —
907 206 1060 264 Specto
1522 214 1597 255 851

113 322 351 370 praestantem
372 323 439 365 12,
462 322 527 364 10,
552 322 609 354 12.
645 325 716 354 tam
739 321 832 355 salse
854 331 959 365 quam
983 332 1111 356 severe
1135 320 1276 356 dicendi
1300 333 1352 365 sp.
1377 322 1424 366 6,
1451 324 1494 366 3,
1520 325 1599 357 101.

14 397 34 405 ,γ
110 371 196 415 justi
222 369 361 414 species
384 377 459 402 non
479 366 688 410 simpliciter
710 367 832 401 excuti
855 368 973 401 solent
995 370 1030 410 2,
1055 368 1099 411 4,
1123 369 1170 403 38
1187 373 1227 402 Ζ.
1253 368 1291 401 in
1312 369 1382 402 hac
1403 368 1602 413 proprieta-

0 405 44 432 ’ψ
115 416 162 451 tis
185 427 240 460 sp.
267 417 310 458 8,
334 417 380 457 2,
404 415 447 455 33
484 414 612 447 horum
644 413 809 447 fecerunt
830 413 987 456 species,
1014 413 1063 447 ita
1088 419 1126 447 ut
1151 414 1257 462 legali
1282 415 1498 457 subjicerent
1522 415 1602 448 fini-

115 462 248 497 tionem
275 469 338 495 etc.
362 463 398 503 3,
421 460 457 502 6,
481 457 539 493 46.
565 459 736 503 quaedam
763 459 801 493 in
825 459 1044 494 defensionis
1067 460 1223 504 speciem
1250 461 1378 494 cadent
1403 463 1438 503 3,
1457 465 1492 504 7,
1512 462 1535 495 6
1553 463 1599 499 Ν.

114 508 162 550 cf.
186 509 232 552 5,
261 509 325 550 13,
348 507 383 541 5.
416 517 449 539 v.
470 504 608 539 Cado.
640 505 747 539 istum
772 506 892 539 locum
915 504 953 538 in
977 517 1082 539 unam
1110 517 1162 550 sp.
1189 507 1406 540 concludere
1429 507 1472 550 6,
1497 509 1539 549 2,
1569 511 1598 541 1.

112 555 204 588 haec
227 553 347 587 omnia
375 562 498 585 rursus
527 550 742 584 diducuntur
763 550 802 585 in
827 550 965 595 species
988 554 1030 593 2,
1061 551 1122 594 14,
1149 553 1181 587 5.
1217 552 1373 596 speciem
1398 552 1436 586 in
1463 553 1601 596 species

112 599 226 635 dividi
249 601 295 641 3,
318 600 383 640 11,
409 599 442 631 3.
477 597 563 631 alias
586 597 624 630 in
648 598 785 640 species
812 597 984 632 virtutum
1007 597 1171 632 dividere
1196 599 1337 632 laudem
1370 598 1600 640 fortitudinis,

112 645 268 691 justitiae
287 651 349 678 etc.
377 645 412 685 3,
435 646 472 685 7,
495 644 551 677 15.
578 642 623 684 cdl
646 643 681 685 6,
706 645 741 686 3,
765 645 821 678 70.
848 655 881 677 v.
910 643 1104 678 Divido.
1131 642 1170 679 in
1193 645 1332 688 species
1357 651 1499 679 secatur
1523 644 1600 688 (ge-

111 691 191 735 nm)
213 692 256 733 5,
284 692 350 732 10,
371 690 431 724 90.
456 689 494 722 in
516 691 580 723 has
602 690 680 723 fere
707 701 759 733 sp.
784 689 886 723 venit
910 689 1047 734 (status)
1070 693 1116 733 7,
1142 691 1189 734 8,
1214 693 1247 726 3.
1272 690 1424 726 vertitur
1454 703 1599 735 προσω-

110 733 267 772 ποποιΐα
294 736 335 770 in
358 733 514 780 speciem
536 734 702 769 narrandi
726 737 762 778 9,
785 738 821 779 2,
844 738 901 770 37.

66 781 287 884 Sam&
319 802 394 881 02¹3:
419 791 1599 883 aaa2332332131313212222¹210¹zssn2{affixam

109 886 181 919 hoc
207 883 382 931 Virgilius
403 883 442 917 in
474 883 597 928 apibus
622 892 683 918 etc.
708 884 968 928 speciosissime
996 883 1042 917 sit
1063 895 1149 918 usus
1173 885 1217 928 8,
1241 885 1285 928 6,
1311 886 1370 919 18.

65 928 310 985 speciosus.
358 939 400 985 a)
429 943 555 975 Posti..-
579 940 638 985 (de
655 940 798 982 semina)
823 940 1022 986 speciosam
1050 940 1214 976 adulterii
1238 943 1436 976 damnatam
1467 945 1596 987 quand.

111 988 155 1029 5,
180 988 246 1029 10,
274 984 319 1020 47
337 987 374 1020 S.
408 997 559 1030 corpora
593 987 787 1031 quamlibet
821 987 892 1021 sint
919 987 957 1021 in
983 986 1057 1022 suis
1083 987 1333 1022 certaminibus
1370 988 1597 1032 speciosa

111 1038 184 1076 atq.
210 1032 403 1065 robusta
427 1034 541 1074 11‚x3‚
569 1033 626 1067 26.
651 1045 685 1066 v.
710 1033 1000 1075 Monstrum3
1026 1035 1059 1065 in
1082 1034 1243 1066 dicendo.-
1268 1033 1353 1067 licet
1381 1034 1477 1067 enim
1501 1035 1599 1069 dica-

109 1088 190 1112 mus
218 1077 362 1122 aliquod
396 1077 654 1120 proprium,
690 1078 989 1122 speciosum,
1020 1078 1220 1112 sublime
1257 1081 1300 1121 1,
1326 1080 1365 1121 5,
1397 1081 1432 1113 3.
1469 1082 1597 1124 quaed.

109 1126 236 1168 par'um
266 1122 430 1168 speciosa
453 1123 549 1156 dictu
575 1124 618 1165 8,
644 1123 685 1165 6,
710 1125 745 1158 8.
777 1135 811 1157 v.
838 1125 1118 1159 Indecorus.
1149 1129 1231 1158 sunt
1260 1124 1482 1168 speciosa
1508 1127 1599 1162 haec

111 1175 150 1204 et
170 1169 333 1212 utilia,
356 1168 388 1203 si
411 1168 575 1202 oriuntur
600 1180 647 1203 ex
671 1179 775 1202 causa
796 1172 840 1212 2,
864 1168 906 1211 4,
930 1172 987 1204 32.
1012 1181 1108 1213 spec.
1132 1171 1211 1203 vult
1230 1181 1308 1204 esse
1333 1172 1536 1216 eloquentia
1562 1174 1598 1216 5,

112 1214 170 1258 14,
197 1216 256 1250 30.
280 1215 524 1249 candidum
548 1220 584 1249 et
606 1215 718 1249 lene
741 1220 777 1248 et
800 1226 920 1259 spec.
947 1215 1088 1250 dicendi
1140 1227 1228 1249 enus
1253 1218 1315 1258 10,
1342 1220 1375 1259 1,
1400 1221 1478 1252 127.
1506 1219 1598 1253 locis

111 1271 237 1305 spec.
260 1261 390 1303 modu,
423 1261 485 1295 vel
511 1260 629 1294 nihil
661 1261 704 1293 ad
734 1260 982 1304 probationem
1011 1271 1097 1295 con
1137 1261 1391 1296 erentibus
1417 1266 1451 1306 7,
1477 1266 1510 1307 1,
1538 1264 1597 1300 41.

95 1308 231 1347 ,theses
264 1307 310 1340 ad
338 1305 633 1340 exercitationem
666 1305 808 1340 dicendi
843 1306 933 1340 mire
967 1318 1084 1350 spec.
1116 1313 1187 1351 atq.
1212 1308 1378 1342 uberes
1401 1312 1444 1352 2,
1467 1308 1510 1353 4,
1537 1310 1596 1346 24.

109 1350 149 1397 β)
180 1355 359 1396 Campam.-
386 1351 471 1396 quid
496 1352 561 1386 illo
586 1350 786 1396 quincunce
810 1352 1008 1395 speciosius
1037 1354 1078 1396 8,
1103 1354 1147 1395 3,
1171 1354 1205 1388 9.
1232 1360 1412 1388 ostentare
1440 1355 1597 1400 discipu-

109 1399 167 1433 los
190 1397 286 1432 circa
308 1398 528 1442 speciosiora
551 1400 585 1440 1,
608 1397 643 1441 4,
667 1400 723 1431 22.
756 1411 790 1432 v.
813 1399 1068 1432 Honestus.
1102 1410 1182 1432 cum
1207 1399 1489 1443 speciosius
1514 1403 1598 1447 quid

109 1443 396 1488 uberiusque
425 1444 611 1478 dicendum
637 1449 691 1477 est
715 1446 782 1486 11,
806 1446 850 1487 3,
876 1443 932 1478 84.
957 1445 1079 1478 aetatis
1104 1445 1234 1490 gradus
1264 1451 1512 1492 gestarumque
1539 1460 1599 1483 re-

84 1527 85 1530 ¹
106 1501 189 1524 rum
211 1489 374 1524 ordinem
397 1489 499 1534 sequi
522 1489 719 1534 speciosius
742 1489 811 1523 fuit
834 1491 876 1533 3,
902 1493 948 1532 7,
974 1492 1029 1525 15.
1061 1491 1260 1534 speciosior
1289 1493 1468 1527 rhetorice
1493 1505 1597 1537 quam

55 1559 57 1561 ·
109 1535 296 1569 dialectice
318 1539 364 1578 2,
389 1538 455 1577 20,
478 1539 513 1570 7.
539 1535 757 1579 speciosiore
780 1535 853 1569 stili
876 1546 1009 1581 genere
1035 1539 1071 1578 7,
1100 1539 1133 1578 1,
1158 1535 1214 1570 54.
1237 1535 1294 1579 ’γ)
1325 1539 1517 1581 Superbi..-
1542 1552 1595 1584 sp.

109 1580 265 1613 hominis
288 1581 335 1657 ὃὸ
353 1579 478 1659 4ἆ923.
506 1591 558 1623 sp.
584 1591 713 1623 corpus
736 1583 771 1622 2,
797 1581 854 1622 15,
876 1581 911 1615 9.
936 1583 971 1622 5,
999 1583 1061 1623 12,
1084 1584 1141 1613 21.
1167 1582 1275 1626 longe
1302 1593 1354 1626 sp.
1378 1594 1492 1629 genus
1514 1595 1595 1620 ora-

108 1624 218 1659 tionis
239 1626 263 1659 8
428 1647 438 1657 .

64 1649 380 1726 Spectacu’lmi’l.
414 1680 500 1714 alias
523 1678 655 1724 (horas)
680 1682 896 1724 spectacula,
919 1680 1005 1715 alias
1029 1681 1200 1717 convivia
1220 1683 1363 1718 trahunt
1387 1688 1443 1728 12,
1462 1689 1595 1730 11548.

111 1726 182 1760 dati
217 1725 427 1770 spectaculis
458 1725 533 1759 dies
558 1729 623 1768 12,
648 1728 666 1759 1
681 1752 693 1768 ,
718 1727 755 1760 6.
783 1732 964 1770 tempora,
1004 1738 1094 1770 quae
1127 1729 1336 1772 spectaculis
1368 1738 1599 1768 conteruntur

114 1774 162 1814 1,
187 1774 252 1814 12,
278 1772 331 1806 18.
367 1770 397 1805 si
427 1771 603 1804 excitatus
628 1771 738 1805 fuerit
763 1772 808 1805 de
832 1772 1062 1815 spectaculis,
1098 1778 1134 1806 et
1163 1780 1244 1820 aget
1267 1775 1474 1819 injuriarum
1503 1781 1538 1822 3,
1561 1781 1596 1824 6,

114 1818 160 1852 19
180 1818 226 1851 Ν.
254 1827 364 1860 eques
390 1818 514 1859 Rom,
543 1818 586 1850 ad
611 1828 716 1861 quem
743 1817 782 1851 in
803 1818 1017 1862 spectaculis
1040 1818 1220 1853 bibentem
1243 1828 1306 1855 etc.
1333 1822 1370 1866 6,
1395 1825 1430 1867 3,
1456 1824 1503 1859 63
1526 1826 1573 1859 Ν.

66 1861 347 1918 Spectativus.
385 1884 416 1906 υ.
443 1872 661 1908 Activus.

67 1929 303 1986 Spectator·
342 1939 544 1975 certaminis
565 1940 735 1985 frequens
758 1947 939 1997 spectator
962 1945 1020 1987 10,
1044 1944 1079 1987 5,
1102 1946 1158 1979 19.

66 1996 236 2052 Specto·
282 2007 335 2076 ¹),
348 2010 505 2068 propr-12:-
537 2006 580 2052 α)
606 2011 728 2042 oculis.-
758 2015 949 2063 exeuntem
973 2011 1018 2063 de
1043 2012 1187 2064 theatro
1207 2011 1509 2066 interrogaverat,
1526 2014 1596 2067 ‘An

112 2057 268 2132 {3335
264 2054 540 2142 32'031’23311222'
560 2057 1595 2148 35¹3?.fflss.”ffi¹3.;¹¹553.¹2⁰§1322¹{2„33³3¹3e31⁶32⁰&

114 2144 281 2188 pudenda
304 2143 399 2178 dictu
422 2150 626 2188 spectantur
654 2149 693 2188 1,
718 2149 766 2188 2,
791 2148 826 2181 8.
853 2146 1104 2182 Alexandrum
1129 2148 1289 2192 sepeli03
1314 2151 1386 2183 hoc
1409 2150 1595 2195 quisquam

113 2189 286 2234 spectabit
309 2200 330 2222 a
354 2190 478 2223 tecto?
506 2192 549 2232 8,
574 2191 614 2234 5,
641 2190 699 2225 24.
724 2203 830 2236 quem
854 2204 935 2226 cum
957 2199 1151 2238 spectasset
1181 2193 1392 2229 Alexander
1418 2199 1454 2239 2,
1477 2199 1536 2240 20,
1559 2200 1594 2232 3.

113 2234 272 2278 resupini
294 2241 564 2280 spectantesque
587 2241 719 2270 tectum
743 2240 808 2279 10,
834 2240 879 2281 3,
908 2238 964 2273 15.
988 2241 1089 2274 velut
1111 2245 1241 2273 terram
1265 2246 1466 2283 spectantes
1489 2245 1533 2285 2,
1559 2242 1596 2288 4,

113 2283 150 2317 9.
178 2286 218 2313 ut
241 2291 341 2324 eum,
370 2291 424 2324 ap.
445 2292 551 2325 quem
574 2282 723 2325 dicitur,
750 2289 887 2327 spectet
910 2283 1047 2328 (vultus)
1071 2287 1128 2327 11,
1153 2286 1188 2327 3,
1214 2283 1292 2318 134.
1328 2298 1361 2319 v.
1384 2287 1594 2323 Intueor.

114 2333 154 2360 ut
177 2336 326 2369 operum
353 2325 495 2372 fastigia
521 2333 836 2371 spectantur,
867 2330 1018 2364 latent
1048 2331 1280 2364 fundamenta
1303 2332 1361 2364 Pr.
1387 2331 1430 2375 43
1469 2334 1596 2368 eodem

115 2371 355 2416 spectantibus
383 2372 497 2405 oculis
521 2376 586 2415 11,
612 2375 658 2416 3,
691 2374 768 2407 161.
804 2373 941 2409 etiamsi
976 2375 1047 2409 alio
1079 2381 1240 2419 spectent
1264 2376 1308 2419 5,
1342 2372 1407 2420 10,
1434 2380 1512 2413 125.
1552 2380 1596 2414 in

117 2428 363 2462 quamcunque
386 2423 521 2461 partem
543 2419 764 2462 spectaveris
788 2421 823 2461 8,
848 2422 882 2462 3,
907 2422 942 2455 9.
989 2420 1031 2465 β)
1055 2428 1170 2455 mente.
1200 2420 1331 2464 a)Ac1.
1345 2436 1355 2455 .·
1381 2421 1437 2456 his
1457 2431 1598 2468 specta-

116 2463 162 2497 tis
186 2462 387 2506 apparebit,
413 2462 508 2496 circa
532 2475 622 2508 quae
645 2475 764 2510 pugna
786 2465 831 2498 sit
853 2468 898 2508 7,
923 2468 965 2507 1,
991 2466 1046 2500 15.
1081 2467 1177 2500 hunc
1204 2473 1504 2513 spectemus,
1526 2472 1598 2506 hoc

117 2507 419 2554 propositum
443 2509 588 2542 nobis
611 2509 671 2543 sit
695 2512 898 2554 exemplum
922 2514 979 2553 10,
1003 2514 1037 2554 1,
1063 2514 1140 2545 112.
1173 2512 1284 2546 libera
1307 2524 1349 2547 ac
1374 2519 1451 2548 tota
1474 2516 1598 2559 (mens)

117 2553 367 2598 spectabit
398 2553 435 2587 id
465 2555 599 2597 solum,
634 2556 679 2587 ad
702 2556 798 2598 quod
830 2556 1026 2602 accingitur
1049 2559 1112 2597 12,
1139 2560 1155 2590 1
1172 2583 1182 2600 ,
1207 2559 1241 2592 5.
1274 2559 1335 2602 qui
1360 2559 1399 2593 id
1423 2561 1599 2596 subtiliter

118 2605 335 2644 quaeret,
363 2599 494 2644 aliquid
520 2601 755 2644 spectabit
780 2601 873 2634 ultra
899 2605 935 2643 7,
963 2605 996 2644 1,
1021 2604 1076 2637 59.
1106 2614 1153 2636 ne
1181 2603 1270 2636 illud
1296 2611 1518 2649 spectans
1541 2609 1598 2651 ju-

117 2647 191 2680 dex
212 2645 431 2690 mliqnorum
460 2645 668 2689 defensioni¹
690 2645 735 2680 sit
761 2646 1020 2681 adversior
1059 2650 1101 2682 ib.
1126 2652 1181 2682 11.
1211 2649 1324 2692 ipsam
1354 2651 1407 2685 rei
1438 2659 1597 2687 naturam

119 2691 293 2735 spectanti
313 2691 400 2725 mihi
422 2691 466 2734 6,
489 2694 534 2734 2,
558 2692 593 2728 9.
626 2703 695 2726 nec
721 2691 878 2726 officium
903 2692 941 2726 in
967 2694 1130 2728 docendo
1152 2700 1306 2738 spectet,
1339 2698 1403 2731 sed
1435 2698 1597 2732 affectum

121 2741 168 2779 1,
193 2740 238 2779 2,
267 2737 322 2772 15.
355 2737 506 2771 aliorum
537 2737 730 2772 sententias
761 2739 854 2772 solas
886 2749 999 2782 paene
1029 2741 1348 2783 spectantium
1378 2741 1474 2787 (Sp.
1510 2745 1597 2787 conj.

119 2785 420 2827 sectantium),
444 2782 594 2818 aliorum
617 2783 764 2818 omnino
787 2783 1099 2818 damnantium
1126 2787 1162 2828 8,
1185 2787 1219 2827 5,
1242 2789 1299 2822 25.
1322 2794 1459 2832 spectet
1480 2789 1598 2824 victo-

1145 2841 1297 2877 ,ὃν
