1728 3002
118 222 198 261 598
686 218 832 261 onero
860 244 915 251 ——
939 219 1091 277 ‘Opera

161 331 312 367 omnia
338 332 420 367 illa
447 331 557 366 scisse
583 333 640 375 12,
659 331 796 374 11,’24.
824 335 862 378 c)
886 348 954 381 seq.
978 338 1113 370 Rezat..·
1138 334 1309 379 omnia,
1334 346 1450 381 quae
1475 336 1514 372 in
1532 338 1657 373 vrerum

161 385 286 413 natura
317 385 399 412 sunt
429 382 472 420 7,
507 380 563 418 10,
595 380 632 414 9.
666 378 712 421 cs.
749 382 783 424 5,
811 382 847 425 9,
882 383 938 416 12.
970 384 1014 424 7,
1051 383 1107 424 10,
1139 383 1174 416 8.
1202 384 1258 425 12,
1283 385 1341 426 11,
1368 384 1426 417 25.
1473 394 1510 418 o.
1535 396 1656 429 quae
1716 406 1724 409 N

161 431 281 460 mente.
305 423 514 469 conceperis
538 426 574 466 8,
593 423 652 459 Pr.
676 427 730 462 15.
750 426 795 468 cs.
815 430 851 470 2,
875 431 910 471 7,
937 429 968 463 1.
993 430 1049 471 10,
1074 431 1108 470 1,
1131 426 1190 462 24.
1217 427 1254 462 in
1282 427 1509 473 omnibus,
1535 442 1619 475 qua
1636 442 1657 464 e

164 471 203 505 in
232 481 416 515 quoque
441 471 628 505 laudantur
656 474 711 517 12,
736 476 793 517 10,
825 476 878 508 12.
908 485 980 516 ea,
1016 485 1135 518 quae
1160 473 1247 508 dicit
1269 494 1335 517 —,
1368 475 1527 509 omnia
1560 478 1660 511 salva

161 517 329 564 dignitate
361 517 456 550 dicet
479 517 515 559 6,
541 518 575 559 3,
603 515 662 554 34.
710 519 886 563 omnia,
915 531 1226 564 quaecunque
1257 520 1337 554 talis
1364 521 1508 555 fortuna
1530 522 1659 566 recipit

160 564 204 606 8,
235 565 282 604 3,
310 564 356 597 67
393 563 440 604 cfi
475 563 510 606 6,
551 566 584 604 1,
622 566 667 599 19
723 565 945 608 omnium,
971 577 1288 611 quaecunque
1313 568 1495 610 docemus,
1529 578 1657 602 exem-

160 610 219 653 pla
246 612 300 652 10,
330 612 362 652 1,
389 611 444 644 15.
493 609 533 651 d)
557 618 631 654 post
652 614 853 655 Praeposs.:
904 618 1014 647 ante
1047 612 1202 647 omnia
1236 615 1272 655 2,
1308 613 1365 655 15,
1401 615 1419 646 1
1453 626 1487 647 v.
1518 612 1656 648 Ante.

161 654 362 699 primum
389 655 597 690 omnium
620 674 666 682 —-
691 658 869 692 deinde
895 659 930 701 5,
957 660 1013 701 13,
1039 659 1073 693 6.
1122 669 1203 702 per
1233 658 1381 692 omnia
1407 657 1507 693 alteri
1532 659 1659 693 similis

161 702 195 744 5,
220 704 255 743 2,
280 704 314 735 3.
343 700 389 743 cs.
416 704 471 744 10,
498 705 530 745 1,
556 703 615 738 28.
643 705 698 746 10,
722 707 758 747 2,
789 703 847 738 24.
896 704 1045 749 Super
1077 702 1232 738 omnia
1262 704 1354 748 perit
1387 704 1450 738 illa
1483 706 1658 750 modestia

164 750 219 787 12,
245 750 278 790 9,
306 750 362 781 12.
409 746 445 792 y)
472 761 501 783 c.
532 749 725 783 Nominib..·
765 761 840 784 non
877 751 1042 784 omnibus
1077 761 1238 794 semper,
1279 761 1371 794 quae
1400 749 1657 794 invenerimus,

162 792 379 840 argumentis
413 794 446 836 5,
481 797 538 837 12,
574 796 609 830 8.
659 795 817 830 omnium
849 796 1083 830 maximarum
1115 795 1243 830 artium
1273 799 1316 840 2,
1350 799 1392 839 1,
1423 795 1458 831 4.
1505 807 1658 843 omnes

162 839 351 873 omnium
380 846 473 874 artes
497 844 532 884 2,
558 841 591 884 5,
618 840 673 875 14.
701 841 745 883 cs.
787 845 843 886 1⁴2,
870 845 926 886 11,
951 843 1010 878 24.
1057 842 1214 877 omnib
1228 852 1280 875 us
1317 841 1433 876 aliis
1464 842 1558 876 curis
1601 846 1658 886 10,

159 887 195 928 3,
221 888 276 920 29.
304 888 360 928 12,
390 889 422 929 1,
448 886 480 921 5.
530 898 578 921 ex
605 888 825 922 omnibus
851 889 1081 932 mortalibus,
1108 887 1188 933 qui
1213 893 1295 922 sunt
1317 899 1359 922 ac
1396 888 1543 923 fuerunt
1564 890 1599 930 9,
1620 888 1658 932 4,

161 933 239 966 132.
286 931 414 966 amittit
436 933 544 967 fidem
569 941 631 967 etc.
658 939 848 980 motusque
876 945 1002 970 omnes
1025 936 1060 976 9,
1082 933 1118 978 4,
1147 933 1225 969 143.
1271 939 1311 967 ut
1343 944 1410 968 om
1424 934 1507 968 nes
1538 940 1659 969 orato-

157 988 217 1012 res
241 979 526 1023 plerumque
554 979 722 1014 fecerunt
751 984 786 1023 7,
830 982 865 1024 3,
906 983 962 1015 16.
1010 990 1170 1015 omnes
1210 991 1290 1022 res,
1344 991 1659 1026 quaecunque

158 1022 192 1057 ei
217 1024 398 1068 subjectae
426 1030 531 1059 erunt
552 1028 588 1068 2,
612 1029 669 1070 21,
693 1025 729 1061 4.
774 1032 873 1062 tres
900 1032 1012 1061 status
1036 1037 1136 1061 omn
1149 1037 1196 1060 es
1229 1025 1329 1070 (Sp.
1366 1036 1401 1060 o.
1437 1031 1483 1061 tr.
1518 1029 1587 1070 st.)
1620 1029 1658 1071 3,

157 1073 194 1112 7,
219 1071 265 1104 28
289 1074 331 1104 Ζ.
357 1070 402 1112 cs.
426 1073 461 1114 3,
485 1072 521 1114 6,
544 1073 590 1107 97
614 1076 656 1107 Ζ.
705 1083 886 1116 omnes,
921 1074 999 1118 qui
1032 1072 1300 1114 desiderantur,
1342 1082 1452 1106 sonos
1486 1071 1659 1108 intentio-

159 1127 295 1159 nesque
323 1119 378 1160 11,
404 1118 438 1160 3,
462 1115 521 1152 40.
569 1118 690 1152 omnia
718 1120 832 1154 verba
857 1125 939 1154 sunt
965 1118 1097 1153 alicubi
1127 1118 1259 1163 optima
1287 1120 1344 1162 10,
1370 1121 1404 1161 1,
1425 1119 1462 1154 9.
1523 1143 1526 1149 -
1551 1136 1565 1148 ο

114 1155 277 1202 onero·
326 1172 367 1216 α)
392 1185 465 1208 non
495 1174 614 1209 statim
637 1168 851 1211 onerare
878 1175 1116 1210 infirmitatem
1139 1174 1369 1217 discentium,
1394 1175 1457 1208 sed
1482 1180 1576 1209 tem
1589 1186 1659 1219 pe-

156 1229 262 1252 rare
287 1218 384 1253 vires
407 1231 488 1253 suas
514 1224 547 1263 1,
576 1224 612 1264 2,
637 1224 694 1256 27.
743 1222 774 1256 si
798 1222 959 1257 maxime
982 1224 1073 1257 haec
1097 1221 1313 1266 patiatur
1340 1225 1438 1255 aetas
1462 1221 1657 1264 robustior,

156 1268 278 1297 tamen
301 1265 458 1307 pueriles
481 1277 594 1300 annos
619 1271 821 1302 onerari
846 1278 918 1302 non
943 1274 1107 1312 oporteat
1136 1271 1168 1310 1,
1195 1271 1251 1310 12,
1290 1270 1321 1301 1.
1370 1272 1410 1300 ut
1443 1267 1587 1301 onerari
1618 1279 1674 1313 se¹

156 1310 259 1343 labor
282 1309 342 1343 ille
369 1321 442 1344 non
468 1311 597 1345 sentiat
622 1315 677 1354 10,
702 1314 738 1354 6,
762 1316 795 1347 3.
821 1319 860 1346 ut
888 1314 966 1348 siue
990 1313 1158 1357 appositis
1186 1314 1311 1347 nuda
1335 1312 1381 1346 sit
1405 1317 1442 1346 et
1469 1314 1570 1348 velut
1592 1313 1656 1347 in-

157 1361 309 1389 comta
337 1356 464 1399 oratio,
493 1367 552 1391 on
567 1364 732 1392 eretur
757 1364 876 1392 tamen
900 1359 1019 1392 multis
1043 1361 1078 1403 8,
1103 1360 1139 1402 6,
1162 1358 1220 1392 41.
1255 1357 1293 1400 β)
1322 1371 1353 1391 c.
1378 1360 1519 1392 Alam..-
1539 1370 1659 1403 neque

155 1407 371 1445 praeceptor
399 1403 513 1436 bonus
540 1404 676 1443 maiore
714 1415 753 1438 se
778 1405 900 1447 turba,
943 1416 1049 1448 quam
1080 1410 1120 1437 ut
1151 1403 1389 1437 sustinere
1421 1414 1500 1437 eam
1532 1405 1658 1449 possit,

156 1447 444 1482 oneraverit
473 1451 506 1491 1,
535 1451 569 1492 2,
596 1450 651 1484 15.
676 1462 708 1482 υ.
736 1449 983 1483 Sustineo.
1031 1460 1104 1483 non
1132 1449 1294 1483 omnibus
1327 1449 1545 1494 argumentis
1567 1461 1659 1485 one-

155 1494 289 1527 randus
313 1499 367 1527 est
393 1494 502 1535 judex
522 1495 555 1538 5,
582 1498 637 1538 12,
662 1497 703 1538 8;
734 1506 861 1529 causae
885 1496 1005 1529 multis
1029 1500 1212 1529 anteactae
1236 1494 1490 1540 vitaefflagitiis
1515 1501 1550 1530 et
1573 1507 1658 1543 gra-

155 1539 261 1573 vibus
290 1546 457 1573 oneratae
480 1540 517 1583 4,
543 1544 578 1583 2,
606 1544 664 1575 27.
712 1543 870 1576 onerabo
892 1541 1021 1574 librum
1043 1540 1219 1584 exemplis
1243 1541 1278 1582 6,
1302 1542 1337 1583 3,
1372 1542 1431 1581 65.
1457 1542 1658 1586 propositio

155 1584 279 1620 brevis
306 1597 374 1620 nec
401 1588 476 1621 ullo
503 1597 729 1631 supervacuo
761 1593 908 1621 onerata
937 1588 1053 1622 verbo
1084 1586 1120 1630 4,
1154 1587 1188 1630 5,
1223 1588 1280 1620 26.
1327 1587 1423 1630 quod
1445 1597 1518 1621 uno
1541 1589 1657 1623 verbo

155 1636 308 1675 patet,
345 1643 597 1667 oneramus
627 1633 786 1677 pluribus
810 1635 846 1676 8,
875 1635 933 1668 Pr.
959 1632 1017 1668 24.
1062 1633 1100 1667 id
1125 1643 1207 1667 cum
1241 1642 1463 1676 supervacua
1486 1640 1657 1668 oneratur

157 1677 358 1721 adjectione
384 1680 420 1721 9,
444 1681 480 1722 3,
504 1677 560 1713 46.
587 1677 632 1720 cs.
661 1681 696 1722 8,
720 1681 756 1722 3,
784 1680 842 1714 53.

112 1718 251 1764 Onus.
299 1733 338 1778 α)
368 1749 398 1769 c.
426 1738 558 1771 Geni1.:
591 1746 651 1771 on.
681 1736 789 1771 totius
817 1734 978 1779 corporis
1010 1733 1045 1778 4,
1077 1733 1140 1770 Pr.
1175 1737 1210 1772 7.
1257 1743 1408 1777 operum
1442 1744 1588 1770 suorum
1619 1741 1656 1770 et

155 1790 309 1815 onera
333 1787 369 1815 et
392 1784 567 1816 modum
590 1787 723 1816 norunt
758 1786 792 1826 1,
822 1784 857 1821 9,
882 1783 915 1816 6.
965 1780 1058 1825 epici
1092 1779 1258 1814 carminis
1288 1790 1399 1814 onera
1437 1783 1494 1823 10,
1531 1784 1565 1826 1,
1600 1783 1658 1816 62.

156 1825 195 1860 in
218 1826 345 1871 quibus
372 1838 463 1864 onus
488 1828 630 1862 dicendi
657 1830 718 1863 vel
747 1828 944 1864 maximum
969 1833 1023 1861 est
1045 1830 1079 1865 2,
1111 1829 1144 1867 1,
1169 1828 1204 1860 2.
1232 1824 1278 1867 cs.
1306 1828 1362 1869 11,
1386 1827 1422 1869 3,
1449 1827 1526 1861 136.
1575 1838 1658 1862 cum

155 1872 371 1919 geminatum
405 1885 464 1908 on.
491 1875 726 1908 succedentes
761 1880 917 1919 premat,
957 1879 993 1907 et
1025 1871 1170 1917 quidem
1203 1871 1403 1906 dedocendi
1434 1872 1581 1918 gravius
1615 1885 1658 1908 ac
1725 1880 1728 1881 ’

155 1918 273 1962 prius,
300 1930 407 1961 quam
431 1920 585 1955 docendi
608 1923 644 1963 2,
673 1922 707 1964 3,
734 1923 768 1955 2.
815 1919 853 1965 β)
877 1932 940 1963 per
963 1922 1108 1961 singulos
1137 1920 1266 1952 Casm:
1302 1927 1378 1951 non
1403 1918 1488 1952 satis
1513 1919 1657 1954 hono-

153 1976 246 1999 rem
278 1965 492 2007 judiciorum
529 1966 740 2000 coelestium
771 1966 988 2012 intelligam,
1022 1964 1091 1998 nisi
1126 1974 1173 1998 ex
1202 1965 1274 1997 hoc
1309 1964 1476 1998 oneris
1513 1975 1656 2009 quoque

153 2010 433 2056 magnitudinem
460 2012 587 2046 metiar
609 2011 644 2055 4,
668 2014 727 2046 Pr.
758 2015 781 2046 2
815 2014 874 2055 S.3
911 2010 1013 2045 oneri
1049 2011 1180 2044 cedunt
1210 2012 1265 2052 10,
1303 2012 1337 2052 1,
1375 2008 1434 2043 24.
1482 2021 1522 2045 se
1553 2010 1681 2045 oneri‘

155 2057 367 2092 subtrahunt
394 2062 450 2101 12,
477 2060 512 2101 9,
540 2062 603 2100 21;
639 2069 730 2092 onus
757 2058 927 2103 opinione
953 2056 1068 2101 prima
1093 2054 1287 2099 concipere
1314 2057 1371 2099 12,
1395 2056 1454 2090 Pr.
1484 2058 1516 2090 1.
1561 2057 1656 2101 plus,

154 2114 258 2146 quam
284 2103 555 2148 imponebatur,
588 2104 709 2138 oneris
738 2110 866 2148 sponte
890 2102 1030 2147 suscepi
1055 2103 1113 2136 Pr.
1139 2103 1174 2134 3.
1201 2100 1248 2142 cf.
1282 2103 1338 2144 10,
1369 2103 1406 2144 2,
1442 2099 1498 2136 18.
1527 2113 1657 2138 onera
1715 2120 1721 2127 ·

153 2150 318 2191 perferre
343 2153 398 2193 11,
425 2152 458 2193 3,
484 2151 562 2185 136.
613 2161 704 2184 onus
729 2150 848 2184 subire
879 2150 912 2189 6,
940 2152 972 2191 1,
1000 2147 1058 2183 45.
1107 2146 1200 2191 epici
1233 2146 1399 2180 carminis
1433 2157 1546 2182 onera
1577 2149 1656 2193 lyra
1724 2195 1726 2198 ,

156 2194 387 2229 sustinentem
413 2199 468 2238 10,
495 2199 528 2239 1,
553 2197 616 2238 623
654 2198 809 2239 jumenta
833 2206 977 2230 onere
1002 2199 1038 2228 et
1060 2193 1168 2239 jugo
1202 2192 1400 2227 laborantia
1431 2195 1488 2236 11,
1525 2195 1560 2237 3,
1595 2197 1653 2229 55.

152 2240 291 2275 laborat
314 2242 471 2275 maxime
497 2253 607 2277 onere
633 2243 764 2285 (oratio
793 2239 944 2284 longior)
975 2243 1032 2283 11,
1056 2242 1091 2281 2,
1125 2242 1171 2273 27
1205 2240 1254 2272 Ν.
1295 2249 1384 2273 eum
1410 2237 1531 2280 'onere
1561 2239 1655 2275 libe-
1720 2284 1722 2286 v

152 2292 206 2319 rat
230 2288 264 2329 5,
293 2288 328 2330 6,
351 2287 384 2321 4.
434 2299 492 2322 on.
524 2287 736 2334 gravissimo
760 2293 890 2322 vacent
932 2289 965 2329 1,
990 2287 1024 2329 6,
1049 2286 1108 2319 36.

109 2321 298 2422 085ιεῖιὶιεί
336 2346 449 2426 2111011183
472 2346 598 2379 umbra
622 2355 755 2389 opacus
781 2347 815 2389 1,
847 2345 884 2388 6,
909 2342 967 2382 34.
1015 2341 1190 2386 quendam
1219 2341 1322 2376 velut
1342 2339 1381 2375 in
1407 2351 1523 2386 opaco
1546 2341 1654 2377 situm

190 2400 235 2422 ici
301 2415 311 2433 ,
360 2417 370 2433 ‚
441 2417 449 2425 .

149 2446 264 2486 pera.
319 2446 354 2490 1)
379 2449 508 2490 Singul.
542 2445 580 2490 α)
605 2460 635 2481 c.
662 2447 834 2491 Adjectm
873 2445 1055 2479 sorensem
1089 2443 1220 2487 quand.
1251 2453 1309 2486 op.
1342 2445 1400 2486 12,
1434 2444 1468 2486 1,
1501 2445 1558 2478 25.
1593 2453 1653 2488 op.
1712 2438 1723 2453 ⁴

151 2488 345 2532 impensam
375 2495 407 2535 1,
436 2496 492 2536 10,
517 2494 574 2528 35.
624 2492 714 2526 nihil
739 2491 932 2526 lucrativae
968 2499 1026 2534 op.
1054 2491 1110 2531 10,
1144 2492 1179 2531 7,
1213 2491 1257 2522 27
1289 2489 1337 2524 N.
1368 2487 1558 2531 peculiaris
1589 2499 1650 2534 op.

151 2535 184 2573 6.
207 2535 243 2578 4,
270 2539 304 2570 3.
352 2539 540 2583 praecipua
565 2539 641 2582 ejus
667 2549 725 2582 op,
757 2534 915 2572 ὃείνωσις
951 2536 990 2569 in
1014 2535 1264 2587 eicaggeranda
1300 2533 1510 2613 indiffinitam
1549 2535 1584 2578 8,
1603 2537 1650 2586 ’3,

149 2581 196 2614 88
219 2593 252 2614 υ.
281 2583 431 2617 Burni.
477 2596 640 2628 premere
666 2583 837 2618 tumentia
863 2590 925 2616 etc.
952 2582 1101 2624 duplicis
1128 2590 1259 2623 operae
1289 2581 1346 2623 10,
1394 2605 1404 2622 ‚
1433 2582 1477 2629 1.
1513 2581 1649 2623 puerile

151 2630 188 2658 et
215 2628 349 2669 cujusd.
376 2628 531 2663 infelicis
556 2640 616 2672 op.
647 2632 702 2672 10,
727 2632 759 2671 1,
789 2632 822 2663 7.
852 2639 923 2663 non
949 2627 1031 2672 qnia
1058 2637 1205 2672 magnae
1231 2625 1276 2659 sit
1303 2635 1364 2670 op.
1391 2628 1424 2668 1,
1449 2624 1484 2665 4,
1510 2626 1544 2660 6.
1570 2625 1649 2668 ple-

149 2681 231 2705 nam
255 2683 313 2716 op·
343 2676 374 2715 1,
402 2677 433 2716 l,
458 2677 515 2708 20.
563 2675 606 2718 β)
631 2688 691 2718 per
720 2678 864 2715 singulos
895 2677 1019 2708 Casus:
1045 2673 1173 2705 horum
1203 2671 1427 2714 (qffeciuum)
1452 2680 1531 2704 esse
1558 2679 1647 2713 Ope-

149 2728 189 2750 ra
212 2717 249 2750 in
272 2719 378 2752 rebus
407 2725 466 2752 aut
491 2720 610 2762 certis,
634 2726 693 2753 aut
718 2721 761 2753 de
794 2720 921 2764 quibus
956 2725 1121 2761 tanquam
1154 2717 1260 2750 certis
1294 2716 1496 2760 loquimur,
1530 2722 1647 2758 potest

151 2764 186 2803 5,
211 2764 245 2805 8,
271 2766 309 2805 3;
349 2764 492 2808 dignum
517 2776 646 2808 operae
682 2765 834 2808 pretium
869 2768 924 2806 12,
955 2765 990 2808 6,
1031 2766 1070 2803 7;
1110 2766 1297 2796 Accusat..·
1343 2760 1550 2794 nonnullam
1585 2772 1644 2805 op.

149 2808 205 2842 his
233 2810 359 2844 studiis
384 2812 714 2845 accommodaturos
740 2814 773 2854 1,
811 2813 866 2853 10,
905 2810 960 2845 15.
1009 2811 1079 2854 jam
1114 2818 1226 2852 prope
1263 2811 1504 2840 consummata
1536 2806 1645 2842 fuerit
