1702 3054
150 275 282 311 XXVI
771 267 1080 325 Prolegomena

285 385 690 436 Latinorum
710 381 1059 430 Nominum
1084 382 1288 430 formae
1310 380 1525 436 brevius
1547 397 1696 433 com-

148 467 413 537 prehendi
452 476 703 532 possunt,
749 479 923 528 quum
961 464 1243 530 vulgarem
1281 463 1340 512 in
1379 462 1456 510 his
1497 479 1696 511 aureae

151 548 341 598 aetatis
369 547 636 596 rationem
666 542 1033 608 Quintilianus
1061 556 1344 608 sequatur,
1382 559 1553 609 quare
1578 541 1696 591 illas

151 644 368 678 tantum
392 628 641 686 afferam,
676 624 735 673 in
764 623 970 690 quibus·
995 627 1086 675 vel
1115 623 1441 690 optimorum
1468 621 1696 689 scripto-

127 711 271 760 'rum
299 727 424 757 usus
454 709 715 766 fluctuat,
760 719 823 753 ut
851 705 910 754 in
942 705 1271 754 Ablativo
1310 698 1696 772 Singularis

149 806 205 839 et
238 788 565 838 Genitivo
593 786 905 836 PluraliS.
971 786 1191 853 Scripsit
1219 785 1360 834 enim
1388 789 1518 847 Ωιι,
1555 802 1694 851 quo-

145 875 312 920 modo
343 887 495 917 nunc
524 868 664 916 ratio
698 867 812 934 ejus
839 867 1139 934 scripturae
1171 867 1601 927 constitutaest,
1636 863 1697 929 in,

147 950 415 1001 Ablativis
453 949 869 1014 Participiorum
899 949 1198 998 Praesentis
1233 963 1450 1015 praeter
1477 943 1699 997 Ablatiss

147 1050 245 1082 vos
277 1033 550 1085 absolutos
580 1029 787 1095 ubique
818 1030 862 1090 i,
909 1029 1063 1096 cujus
1093 1030 1171 1078 rei
1199 1029 1413 1098 singula
1446 1029 1696 1093 exempla

149 1111 356 1159 affatim
389 1127 456 1157 ex
489 1110 697 1159 Lexico
731 1123 917 1175 petere
948 1110 1091 1171 licet,
1134 1113 1488 1175 quamobrem
1521 1109 1699 1157 offen-

147 1195 289 1239 dunt
309 1208 491 1259 pauca
513 1191 606 1239 illa
628 1190 686 1238 in
709 1207 734 1238 e
758 1190 1081 1239 desinentia:
1106 1192 1314 1256 jacente
1338 1208 1380 1251 1,
1400 1190 1447 1251 3,
1471 1205 1514 1240 2.
1541 1206 1698 1254 prae-

146 1280 286 1320 sente
322 1289 340 1318 1
360 1308 373 1332 ‚
406 1267 461 1332 5,
491 1270 571 1320 23.
607 1280 839 1336 sequente
870 1275 926 1334 9‘,
952 1275 1007 1332 4,
1032 1270 1138 1332 86.,
1176 1269 1699 1334 assentientibusque

147 1352 427 1401 nonnullis
451 1352 734 1400 Codicibus
757 1355 828 1399 ad
853 1352 1285 1400 emendationem
1306 1350 1569 1414 invitant3
1598 1338 1698 1398 tle-.-

147 1450 258 1498 que
277 1432 440 1499 magis
466 1433 592 1481 mihi
609 1434 876 1499 probatur
896 1433 1118 1498 simplice
1147 1450 1188 1495 ι,
1212 1448 1259 1496 9,
1280 1437 1352 1494 4.,
1383 1445 1482 1480 aut
1501 1444 1697 1480 eontra.

136 1514 368 1579 pleniori
403 1516 487 1562 Pr.
520 1513 576 1575 3,
626 1531 797 1579 quum
841 1513 970 1561 alias
1010 1517 1161 1580 apud
1193 1516 1451 1562 Nostrum
1488 1511 1698 1577 ubique

144 1594 389 1644 Ablativi
411 1593 919 1660 Comparativorum
940 1594 1095 1643 litera
1117 1611 1144 1642 e
1165 1594 1443 1642 finiantur.
1472 1621 1540 1631 —
1576 1592 1697 1640 Ge.-

148 1675 439 1726 nitivum
470 1677 805 1724 Pluralem
827 1677 1065 1740 parentis
1091 1675 1375 1743 Zumptius
1404 1673 1484 1722 bis
1505 1691 1702 1740 pastea-r

150 1757 283 1806 tium
305 1771 359 1816 2,
385 1761 441 1816 4,
470 1755 543 1803 16.
581 1759 634 1817 6,
661 1774 677 1802 1
696 1791 710 1818 ,
743 1757 814 1805 18.
845 1774 912 1804 ex
934 1757 1089 1806 Amb.
1120 1775 1160 1806 1.
1185 1756 1417 1823 scripsit,
1453 1754 1544 1804 cui
1569 1755 1698 1804 scri*

148 1851 347 1903 pturae
394 1854 553 1906 aegre
591 1835 848 1885 assentior
869 1872 883 1897 ‚
927 1855 1104 1904 quum
1148 1841 1322 1886 multo
1357 1830 1702 1902 frequentius.

149 1921 301 1983 apud
336 1921 436 1978 Qu.
472 1919 539 1966 sit
563 1926 863 1985 parentum,
903 1936 1069 1984 quam
1098 1921 1327 1968 formam
1354 1912 1702 1985 Spaldingiusl]

151 1997 312 2046 etiam
336 1999 434 2045 illis
457 2002 668 2048 duobus
689 1999 818 2047 locis
843 2000 1091 2050 servavit.
1159 1998 1235 2049 At
1255 1997 1560 2066 sapientium
1576 1988 1702 2061 ubi-l

149 2096 260 2143 que
291 2083 442 2144 apud
472 2082 731 2130 Nostrum
761 2080 1101 2130 scribendum
1130 2098 1355 2142 censeo,
1391 2096 1495 2128 nec
1525 2082 1640 2135 solu

151 2175 274 2207 cum
306 2161 563 2225 Zumptio
599 2179 650 2224 Ι,
691 2176 773 2222 Ιο,
813 2159 885 2209 15.
919 2178 974 2222 2,
1006 2179 1090 2224 17,
1112 2162 1191 2209 28.
1225 2159 1282 2227 5,
1304 2161 1350 2222 8,
1377 2176 1424 2209 2.
1449 2175 1496 2223 9,
1523 2176 1570 2221 2,
1595 2159 1695 2222 464

152 2243 246 2286 sed
271 2239 430 2288 etiam
452 2237 480 2289 5
493 2278 506 2302 ,
538 2259 554 2287 1
572 2260 589 2288 1
608 2279 622 2304 ,
647 2242 727 2306 59.
753 2251 1034 2309 praecepta
1052 2241 1357 2307 sapientium
1378 2257 1445 2287 ex
1465 2240 1513 2287 F
1514 2227 1669 2294 loren

149 2317 294 2379 tino,
330 2333 496 2384 atque
518 2323 682 2389 magis
707 2324 868 2372 etiam
894 2340 978 2386 12,
1008 2339 1094 2384 ιο,
1121 2319 1200 2370 52.
1217 2320 1467 2386 judicum
1499 2321 1694 2386 sapien-y

150 2398 282 2447 tium
301 2416 368 2446 ex
389 2399 572 2448 Turic.
599 2403 745 2450 Flor.
771 2405 947 2452 Guelf.
973 2405 1157 2468 Camp.
1185 2387 1502 2462 Cz'vz'tatium,
1540 2403 1692 2467 quod

149 2482 310 2526 semel
329 2492 542 2526 tantum
562 2481 846 2546 Zumptius
867 2483 1092 2532 retinuit
1110 2499 1158 2544 2,
1180 2485 1338 2544 16,.4.‚
1359 2481 1445 2530 hic
1468 2498 1691 2549 quoque

147 2559 335 2606 melius
359 2551 385 2606 i
403 2559 631 2625 abjiciet.
657 2561 731 2610 Cf.
756 2564 937 2628 Spald.
961 2565 1133 2613 Praef.
1155 2566 1194 2612 I.
1227 2581 1278 2630 p.
1301 2577 1548 2612 Lxxx1v.
1615 2563 1671 2612 A

148 2640 434 2700 artfficz'um
461 2657 643 2688 manus
674 2642 902 2705 optimos
927 2645 1150 2693 Codices
1174 2657 1386 2692 secutus
1410 2642 1688 2708 ZumptIus

148 2736 207 2783 7,
239 2721 320 2768 Pr.
352 2737 391 2766 1.
427 2737 522 2767 suo
552 2720 671 2787 jure
703 2721 920 2787 scripsit.
973 2726 1051 2773 Cf.
1080 2723 1373 2775 Schneider
1391 2723 1529 2792 Lat.
1555 2724 1603 2772 F
1605 2741 1637 2772 o

150 2802 308 2849 menl.
346 2818 398 2865 p.
440 2803 551 2862 269.
1589 2807 1592 2811 ⁴
