1728 3002
556 115 775 173 Scriptura
801 139 857 148 —-
883 112 1087 158 Scurrilis
1498 116 1581 155 809

69 232 74 236 ’
100 231 217 267 decim
235 230 446 277 scriptorum
461 230 510 277 (a.
522 234 546 264 1.
558 225 785 275 scruporum)
803 230 860 272 11,
875 229 915 276 2,
929 228 977 264 38
994 227 1042 262 N.
1089 225 1142 270 11)
1169 227 1213 262 de
1229 226 1373 272 epistota
1392 227 1577 267 octubris:

98 278 140 324 in
165 289 212 314 eo
232 277 383 323 scripto,
409 278 507 323 quod
530 277 628 312 Nero
649 274 694 309 ad
721 275 889 308 Senatum
910 272 1005 307 nisit
1026 274 1071 316 8,
1095 274 1140 317 5,
1163 274 1227 316 18;
1252 273 1328 318 ejus
1350 273 1481 318 scripta
1503 278 1581 306 tan-

98 329 176 360 tum
202 323 296 359 intra
312 324 441 358 ramam
463 327 546 358 sunt
568 324 625 365 11,
650 323 684 363 3,
710 321 746 355 8.
771 329 835 353 eos
855 319 1173 364 praestantissimos
1190 324 1350 354 oratores
1368 319 1451 362 alio,
1476 329 1581 364 11118111

100 370 242 414 scriptis
267 368 539 417 cognoscimus?
567 371 630 411 12,
658 367 726 409 10,
751 366 807 400 54.
840 364 988 400 scientia
1021 376 1178 400 rerum
1204 376 1248 398 an
1281 365 1581 410 scriptorum

101 415 207 460 eopia
229 423 292 450 etc.
318 415 503 450 clariorem
521 415 577 456 10,
598 416 632 454 1,
653 414 709 447 83.
735 411 794 456 qui
819 415 1005 456 poetarum
1025 411 1155 456 scripta
1175 410 1404 453 pronuntiant
1423 414 1480 452 12,
1498 413 1533 454 3,
1549 413 1581 444 1.

100 461 187 496 licet
208 461 369 496 Terentii
396 461 526 507 scripta
547 460 592 494 ad
619 457 823 501 Scipionem
846 457 1056 492 Africanum
1081 458 1281 491 referantur
1310 459 1374 499 10,
1398 459 1437 500 1,
1460 457 1518 492 99.
1544 456 1582 490 in

101 506 227 542 alieni!
253 506 392 552 scriptis
419 508 465 550 6,
489 510 534 548 2,
558 505 615 540 35.
659 504 724 544 111)
747 507 779 536 ἰιι
803 505 926 545 legibus
947 510 979 538 et
1003 506 1213 537 testamentis.
1251 501 1300 547 a)
1326 503 1421 548 quod
1449 503 1494 537 de
1518 503 1583 536 le-

100 553 240 600 gibus
267 553 370 596 dico,
398 551 492 587 idem
514 550 628 595 accipi
649 550 737 584 volo
762 550 806 583 de
829 549 1156 592 testamentis,
1180 548 1356 593 pactis,
1381 548 1583 593 stipula-

102 598 342 642 tionibus,
362 598 461 632 omni
489 597 640 642 denique
664 595 849 639 scripto
873 598 920 637 7,
948 596 991 638 5,
1013 596 1048 630 6.
1068 594 1238 638 scriptum
1261 595 1352 642 legis
1371 597 1414 637 3,
1442 597 1477 639 6,
1504 596 1584 629 100.

104 651 159 680 cst
187 645 283 679 enim
310 645 478 689 scriptum
517 644 575 678 de
603 643 711 676 rebus
742 641 864 684 utique
893 641 1047 676 diversis
1078 643 1124 685 5,
1151 643 1215 682 13,
1243 643 1290 675 23
1310 642 1358 675 N.
1392 650 1466 675 non
1495 651 1583 687 ergo

74 690 273 730 :nedibus
304 696 361 725 est
388 692 434 724 de
467 690 643 725 advocato
676 687 828 721 damnati
858 687 1027 732 scriptum
1050 689 1093 730 7,
1119 690 1159 730 1,
1186 690 1230 723 ⁵7
1256 688 1305 721 N.
1353 689 1585 733 congregatio

102 736 387 780 scriptorum
414 741 451 771 et
474 746 567 770 non
590 734 884 778 scriptorum
905 735 941 776 3,
966 735 1006 774 5.
1031 736 1087 768 17.
1112 734 1222 767 11111118
1245 733 1428 777 dicentur,
1458 734 1586 778 quibus

102 781 274 827 scriptum
300 787 524 829 expugnatur
546 784 582 823 7,
604 783 640 824 7,
663 779 698 815 4.
732 785 858 814 contra
881 779 1049 824 scripturn
1075 778 1187 813 tribus
1210 778 1400 825 generibus
1423 780 1587 814 occurri—

103 831 163 863 tur
183 831 219 871 7,
241 829 278 871 6,
300 830 335 866 5.
360 828 406 869 es.
433 829 468 871 5,
492 829 548 867 10.
570 827 627 862 98.
650 836 728 860 esse
756 825 982 870 quaestiones
1004 830 1064 860 aut
1087 826 1125 860 in
1147 825 1327 870 scripto
1354 831 1414 867 aut
1435 825 1474 859 in
1498 837 1586 860 non

103 873 313 917 scripto.
366 875 410 908 ln
433 873 628 916 scripto
654 877 735 905 sunt
760 872 806 906 de
831 871 934 915 jure,
956 870 995 906 in
1019 882 1116 906 non
1142 871 1324 915 scripto
1347 872 1394 906 de
1418 883 1459 906 re
1482 874 1523 914 3,
1552 875 1587 914 5,

103 917 131 954 4
150 919 199 953 Ν.
227 929 334 953 omne
355 919 434 963 jus,
461 919 557 963 quod
581 923 635 952 est
658 923 813 960 certum,
845 922 905 951 aut
930 917 1113 961 scripto
1137 923 1196 951 aut
1219 917 1426 951 moribus
1451 924 1588 951 constat

105 967 164 1007 12,
191 966 227 1007 3,
250 965 287 1000 6.
311 964 548 1009 quaestiones,
571 974 663 1007 quae
689 963 821 1006 scripto
846 969 1009 997 constant
1032 964 1068 1006 5,
1095 965 1153 1004 10,
1180 964 1245 996 106
1268 964 1315 996 N.
1339 974 1479 1007 semper
1503 965 1588 998 stari

105 1010 239 1056 scripto
265 1020 338 1044 11011
365 1021 473 1055 posse
498 1013 542 1052 7,
570 1010 613 1050 6,
638 1011 674 1043 7.
699 1009 867 1052 scriptum
890 1007 987 1052 (Sp.
1011 1008 1049 1042 in
1077 1007 1228 1052 scripto)
1254 1014 1314 1041 aut
1337 1015 1495 1052 apertum
1521 1016 1588 1053 est,

107 1061 168 1091 aut
190 1056 400 1099 obscurum,
430 1061 492 1090 aut
523 1054 727 1098 ambiguum
754 1057 798 1096 7,
822 1055 866 1096 5,
895 1056 918 1088 5
935 1058 978 1088 Ζ.
1014 1065 1061 1088 ex
1086 1054 1271 1097 scripto
1303 1055 1455 1097 ducere,
1490 1057 1587 1099 quod

107 1101 343 1147 scriptum
358 1113 391 1145 .¹¹
402 1112 455 1136 on
479 1106 533 1136 est
555 1103 589 1143 7,
616 1102 652 1142 8,
676 1100 709 1133 6.
735 1098 772 1133 in
796 1098 964 1143 nomine,
990 1100 1085 1144 quod
1107 1100 1238 1144 pendet
1263 1111 1310 1133 ex
1334 1100 1467 1145 scripto
1491 1104 1527 1144 7,
1552 1103 1587 1145 3,

107 1151 131 1184 7
155 1149 198 1182 Ν.
218 1160 252 1181 υ.
276 1149 376 1182 Res.
433 1146 474 1194 β)
496 1159 590 1180 sensu
615 1148 796 1179 rhetorico.-
827 1145 865 1179 in
893 1146 984 1187 hos,
1007 1145 1068 1190 qni
1093 1145 1163 1188 jam
1187 1144 1308 1190 scripti
1332 1153 1436 1189 sunt,
1466 1152 1590 1190 status,

106 1193 187 1230 visa
209 1199 264 1227 est
289 1194 417 1228 cadere
442 1192 625 1226 translatio
648 1195 692 1233 7,
714 1190 760 1234 4,
785 1193 831 1225 13
846 1192 891 1226 Ν.
918 1191 980 1236 qui
1004 1202 1051 1225 ex
1082 1191 1215 1235 scripto
1246 1191 1412 1226 dicuntur
1434 1192 1589 1236 (stam)

106 1241 143 1282 3,
165 1241 201 1283 6,
222 1240 283 1274 46.
307 1239 416 1274 Corn.
443 1238 569 1273 Celsus
592 1238 792 1282 qualitatem
815 1237 854 1271 in
878 1248 969 1271 rem
997 1243 1032 1271 et
1056 1237 1283 1281 scriptum
1308 1238 1445 1272 dividit.
1491 1239 1590 1274 Scri-

104 1291 168 1331 pto
193 1291 359 1330 quattuor
379 1291 497 1328 partes
518 1282 817 1330 legales-subjicit
838 1285 882 1321 ib.
905 1285 963 1318 38.
988 1283 1055 1316 His
1083 1283 1247 1326 adjicitur
1266 1284 1400 1318 Modus
1417 1303 1464 1310 ·—
1482 1284 1591 1329 idque

107 1336 183 1364 turn
213 1331 256 1364 ad
288 1330 563 1375 qualitatem
596 1329 895 1373 scriptumque
927 1329 1082 1374 pertinet
1109 1330 1154 1371 5,
1180 1331 1244 1373 10,
1267 1331 1379 1364 22Ν.
1436 1329 1483 1376 y)
1508 1343 1588 1375 opp.

111 1378 339 1412 Voluntas
367 1381 422 1410 vel
445 1377 711 1410 Sententia.-
748 1376 986 1419 scriptum
1010 1381 1045 1409 et
1071 1376 1299 1409 voluntas
1324 1376 1370 1410 de
1393 1386 1439 1410 eo
1467 1376 1590 1421 dispu-

107 1427 159 1456 tat
180 1423 315 1465 verbo,
339 1423 435 1467 quod
463 1421 576 1455 estin
600 1423 697 1467 lege,
730 1421 1051 1468 syllogismus
1085 1421 1130 1454 de
1159 1432 1225 1464 eo,
1258 1423 1353 1465 quod
1378 1433 1452 1456 non
1478 1429 1531 1457 est
1553 1427 1592 1467 7,

108 1462 170 1514 10,
189 1470 225 1502 3.
249 1467 345 1510 ogs-2·
367 1471 404 1511 7,
428 1467 513 1512 cap.
533 1468 568 1501 6.
597 1468 889 1501 v.Voluntas.
918 1466 1092 1511 scripti
1120 1473 1156 1501 et
1178 1468 1453 1502 voluntatis
1478 1481 1591 1512 quae-

106 1513 177 1548 ctio
200 1515 246 1556 3,
267 1514 311 1555 6,
332 1514 391 1548 61.
420 1514 480 1548 66.
501 1517 547 1554 7,
571 1513 613 1555 6,
640 1517 672 1546 1.
706 1518 742 1545 et
765 1513 926 1556 scripti
954 1518 990 1546 81
1016 1513 1305 1550 sententiae
1332 1515 1394 1548 vel
1418 1516 1591 1549 volun-

112 1557 225 1592 tat'is
247 1564 357 1592 status
380 1561 424 1600 3,
448 1559 493 1600 6,
516 1558 576 1591 46.
615 1557 660 1598 cs.
684 1560 740 1591 98.
768 1563 807 1590 111
831 1559 875 1591 de
900 1558 1080 1601 scripto
1104 1563 1140 1591 et
1163 1559 1414 1592 sententia
1439 1572 1592 1603 quaera-

109 1610 169 1639 tur
199 1605 243 1636 ib.
266 1606 325 1638 72.
357 1603 419 1646 qui
446 1604 711 1638 voluntate
738 1602 892 1645 nitetur,
928 1603 1155 1646 scriptum
1184 1603 1365 1638 infirmare
1388 1606 1530 1639 debebit
1556 1610 1592 1650 7,

108 1651 145 1732 ξ,
168 1651 202 1731 ἓ.
225 1650 292 1730 l5ex
315 1648 431 1684 omnis
458 1647 702 1693 quaestionem
725 1649 834 1682 habet
857 1654 918 1682 8111
934 1648 979 1682 in
1004 1649 1182 1692 scripto
1206 1649 1322 1683 autin
1337 1652 1591 1686 voluntate

134 1721 146 1739 υ
192 1721 203 1738 2
251 1718 263 1729 ·
673 1713 680 1718 '

64 1752 530 1844 ScripgurJ-fficum'scr.
557 1760 663 1795 dubia
685 1767 739 1796 est
762 1765 799 1807 7,
820 1761 857 1804 9,
882 1761 919 1797 6.
944 1762 990 1796 ad
1011 1760 1244 1796 imitationem
1269 1760 1415 1796 alterius
1441 1762 1596 1808 scriptu-

108 1819 172 1844 rae
218 1833 230 1850 ,
252 1832 288 1850 -,
359 1831 370 1841 .

66 1862 337 1919 scrupulose·
377 1873 494 1911 tenuis
519 1873 580 1909 illa
602 1879 637 1908 et
663 1886 734 1909 scr.
759 1874 799 1908 in
819 1879 939 1919 partes
963 1879 1060 1909 secta
1083 1873 1271 1909 divisionis
1295 1874 1477 1922 diligentia
1499 1875 1536 1921 4,
1560 1878 1597 1922 5,

112 1923 148 1957 6.
177 1920 400 1954 minutius
432 1926 469 1954 et
490 1921 836 1964 scrupulosius
859 1927 1061 1955 scrutantur
1085 1920 1205 1955 omnia
1228 1922 1263 1964 5,
1292 1921 1348 1963 14,
1372 1923 1432 1958 28.
1497 1942 1500 1943 ⁷

68 1975 364 2032 Scrupulosus.
409 1998 480 2022 scr.
506 1987 719 2023 divisionem
742 1989 778 2035 9,
803 1990 836 2031 1,
859 1991 883 2023 7
905 2001 939 2022 v.
961 1988 1107 2022 Multi
1120 1989 1163 2032 pl
1175 1999 1240 2023 ex,

13 2088 15 2092 ,
69 2046 257 2087 Scrutor.
312 2055 408 2099 quod
430 2066 504 2089 non
528 2055 665 2091 raffone
697 2055 1036 2097 scrutabimur,
1060 2066 1133 2089 non
1157 2054 1351 2100 poterimus
1374 2055 1598 2094 invenire

113 2101 183 2135 nisi
206 2112 292 2135 casu
317 2103 362 2143 5,
387 2103 454 2144 10,
477 2104 535 2135 22.
566 2102 740 2136 inferiora
771 2113 915 2146 quoque
939 2101 1183 2145 *scrutabimur
1205 2105 1249 2144 7,
1274 2106 1314 2144 1,
1343 2105 1400 2136 27.
1432 2105 1599 2140 exoletos

115 2153 279 2182 auctores
305 2152 480 2181 scrutatus
501 2148 537 2191 8,
559 2150 597 2191 2,
622 2151 677 2185 12.
702 2147 916 2181 scrutabitur
937 2147 998 2181 ille
1026 2148 1236 2191 praeceptor
1260 2159 1344 2181 acer
1365 2153 1436 2194 atq.
1459 2151 1597 2184 subtilis

114 2193 270 2239 origines
293 2193 474 2226 nominum
499 2195 532 2236 1,
554 2192 591 2236 4,
617 2195 675 2229 25.
703 2194 741 2227 in
763 2194 890 2238 quibus
913 2193 1158 2226 scrutabamur
1179 2194 1402 2227 voluntatem
1424 2198 1459 2237 2,
1482 2195 1517 2239 4,
1541 2198 1598 2231 26.

115 2238 302 2273 somnianda
334 2238 471 2284 singula
493 2238 537 2282 5,
563 2241 627 2282 10,
654 2242 731 2273 122.
769 2240 957 2274 scrutanda
990 2239 1109 2272 omnia
1142 2250 1208 2283 per
1235 2245 1354 2283 partes
1379 2242 1447 2283 10,
1472 2245 1519 2286 1,
1542 2245 1600 2277 20.

114 2297 149 2317 v.
174 2285 470 2327 Scrupulose.

71 2328 384 2420 ὃέὓιξὲογιῑίοω
405 2339 587 2385 scripta
611 2345 669 2383 et,
695 2346 735 2375 ut
755 2341 945 2375 Demosth.
969 2339 1031 2384 ait,
1058 2339 1088 2374 si
1112 2339 1308 2387 continget,
1331 2343 1519 2387 sculpta
1544 2342 1599 2388 1⁷2,

141 2411 152 2428 1
243 2399 256 2419 ¹
280 2413 290 2424 α

74 2427 307 2485 Sculptura.
361 2452 413 2475 sc.
446 2440 554 2475 etiam
578 2439 737 2487 lignum,
769 2442 877 2484 ebur,
900 2451 1078 2486 marmor,
1100 2442 1258 2487 vitrum,
1281 2454 1437 2490 gemmas
1458 2451 1601 2490 praeter

80 2532 88 2536 N
116 2499 181 2530 811,
209 2498 300 2532 111188
322 2498 428 2531 supra
450 2486 549 2529 dixi,
575 2487 823 2531 complectitur
845 2491 883 2529 2,
903 2491 963 2530 21,
987 2489 1022 2522 9.

73 2532 241 2596 Seu-rra.
294 2543 331 2578 in
363 2555 403 2578 se
436 2543 557 2577 dicere
583 2554 656 2577 non
680 2549 735 2578 est
761 2544 840 2578 fere
862 2542 932 2577 nisi
965 2554 1166 2579 scurrarum
1193 2545 1239 2588 6,
1263 2546 1307 2589 3,
1333 2547 1394 2582 82.
1419 2560 1455 2583 υ.
1478 2549 1600 2583 Insi-

120 2602 142 2632 p
152 2601 193 2623 18
206 2601 226 2621 n
237 2601 265 2622 s.

72 2633 286 2675 scurrilis
334 2644 501 2678 dicacitas
534 2655 617 2679 scu
629 2656 688 2678 rr.
723 2651 760 2679 et
789 2646 996 2680 scenica
1018 2648 1058 2690 6,
1081 2649 1124 2690 3,
1150 2648 1208 2682 29.
1241 2658 1314 2682 non
1339 2649 1410 2684 hoc
1430 2652 1540 2684 modo
1564 2657 1601 2686 et

118 2691 233 2735 ipsmn
255 2691 458 2726 scurrile
481 2709 527 2718 --
554 2691 616 2726 sed
638 2690 727 2725 illud
754 2703 803 2726 ex
829 2693 910 2728 eod.
934 2704 1066 2743 genere
1093 2694 1388 2738 praeclarum
1422 2699 1468 2730 ib.
1492 2697 1552 2732 43.
