1728 3002
208 230 292 273 336
912 241 1022 286 Fero

255 345 407 393 spatium
433 358 539 384 cursu
561 350 724 387 ferantur
747 355 804 398 10,
829 356 863 400 3,
890 356 937 399 ὃς
968 358 1107 393 seratur
1129 370 1203 396 non
1227 361 1361 401 semitis
1392 365 1458 399 sed
1491 366 1624 412 campis
1655 368 1710 414 (el

255 394 419 439 quentia)
443 398 477 439 5,
502 396 561 440 14,
587 400 645 433 31.
669 400 852 445 historiae,
882 415 973 447 quae
999 416 1195 442 currere
1219 409 1327 443 debet
1353 421 1394 445 ac
1423 411 1544 447 ferri
1569 416 1604 458 9,
1629 414 1663 459 4,
1689 420 1706 450 1

254 440 348 475 bene
383 443 549 487 concepti
582 445 728 481 affectus
766 454 801 482 et
840 457 1004 485 recentes
1040 464 1160 486 rerum
1194 453 1368 502 imagines
1405 458 1577 494 continuo
1612 460 1708 506 impe

253 487 428 522 feruntur.
457 490 588 534 Utique
612 503 715 536 vero,
740 505 822 528 cum
847 494 977 531 infelix
992 498 1061 532 =i11a
1086 500 1280 535 verborum
1299 502 1477 539 cavillatio
1500 508 1651 542 accessit
1669 509 1728 543 elc'

253 543 328 566 non
354 540 473 577 potest
496 537 583 571 ferri
608 546 773 574 contorta
795 542 853 576 vis
879 550 940 577 etc.
967 546 1022 587 10,
1051 549 1087 588 7,
1114 545 1168 581 14.
1187 559 1278 591 quae
1306 549 1444 584 etiamsi
1465 553 1608 596 propria
1626 565 1709 588 reru

253 579 450 623 aliquarum
477 582 548 616 sint
573 585 740 630 nomina,
769 587 949 631 τροπικῶς
981 591 1081 632 quasi
1113 599 1232 628 tamen
1263 595 1307 628 ad
1340 598 1494 631 eundem
1522 597 1707 637 intellectu

252 626 419 660 feruntur
447 631 502 672 10,
533 632 566 673 1,
595 634 636 665 11
664 634 711 666 Ν.
738 635 866 677 oratio,
898 646 987 679 quae
1012 638 1134 672 ferri
1159 640 1265 674 debet
1288 653 1329 675 ac
1355 643 1513 679 fluere
1545 645 1579 688 9,
1605 646 1639 688 4,
1668 650 1718 682 11·

251 670 319 715 IV)
346 673 530 715 aufero.-
566 679 715 712 multum
749 691 807 714 ex
839 681 1021 728 diligentia
1052 685 1228 729 partiendi
1260 688 1339 722 tulit
1361 690 1476 723 laudis
1507 691 1550 735 Q.
1586 692 1701 726 Horte

251 717 326 752 sius
349 718 384 761 4,
410 721 443 763 5,
468 721 525 756 24.
554 731 770 760 contemtum
794 738 847 761 ex
875 729 1096 773 humilitate,
1142 732 1266 767 odium
1299 745 1356 768 ex
1386 737 1539 780 quadam
1574 738 1711 774 servitu

253 772 315 799 etc.
348 766 445 801 ferre
475 769 509 811 5,
536 769 592 813 14,
617 773 674 805 30.
711 772 872 818 iniquum
905 778 1183 820 petendum,
1227 785 1266 814 ut
1293 792 1444 825 aequum
1474 783 1608 818 feras
1642 783 1677 828 4,

251 812 295 846 16
322 813 368 845 Ν.
408 819 464 856 ut,
501 827 571 859 qua
604 818 753 863 quisque
785 821 875 865 apud
907 833 987 856 eum
1019 824 1139 870 lingua
1169 827 1404 872 postulasset,
1429 830 1555 864 eadem
1589 831 1645 875 jus
1678 831 1707 867 si

248 858 426 894 redditum
452 861 566 897 ferret
594 867 649 907 11,
674 868 710 910 2,
735 867 792 901 50.
831 869 1075 915 unusquisque
1099 876 1213 905 totum
1235 873 1329 907 feret
1353 877 1386 917 1,
1412 877 1448 918 2,
1475 877 1530 910 13.

341 925 389 970 V)
414 930 435 964 i.
454 943 484 974 q.
503 942 526 973 p
539 942 582 964 ro
588 929 618 972 s
621 945 711 966 ero.-
740 932 858 979 [quale
879 942 946 980 est,
972 940 1067 982 quod
1088 939 1182 973 feret
1205 940 1261 985 (Ζ.
1278 941 1402 984 refert)
1429 942 1559 985 Cicero
1578 943 1616 987 6,
1640 946 1674 988 3,

252 971 319 1017 Ν.]
346 973 424 1009 sive
451 987 525 1010 non
549 977 684 1012 idoneo
710 981 767 1015 die
795 989 856 1016 eie.
887 984 1064 1029 (rogatio)
1090 985 1220 1020 dicitur
1240 987 1312 1022 lata
1336 997 1415 1029 esse
1439 990 1502 1024 ‘vel
1528 988 1618 1024 ferri
1646 994 1680 1034 2,
1720 1030 1722 1033 ,

247 1021 306 1054 35.
334 1021 434 1064 quasi
461 1025 585 1066 quasd.
617 1026 716 1072 leges
734 1043 781 1049 —
803 1028 971 1063 stufliosis
1008 1031 1150 1066 dicendi
1172 1029 1288 1073 'ieram
1320 1037 1356 1077 2,
1383 1037 1439 1078 13,
1469 1036 1501 1070 1.
1537 1037 1582 1070 de
1615 1037 1712 1082 quit„

246 1066 398 1101 ferenda
423 1070 601 1104 sententia
627 1078 682 1106 est
705 1075 739 1117 3,
764 1074 800 1117 6,
828 1078 863 1110 7.
890 1076 935 1117 cs.
961 1080 997 1121 7,
1022 1080 1054 1121 1,
1080 1082 1135 1112 12.
1164 1082 1221 1123 12,
1247 1080 1303 1122 10,
1337 1080 1394 1116 53.
1428 1081 1468 1115 in
1490 1080 1626 1126 judicio
1651 1079 1728 1128 quo}¹

247 1124 316 1157 que
341 1113 429 1147 nihil
453 1115 603 1151 interest
627 1119 824 1160 actionum,
849 1128 967 1156 utrum
994 1124 1100 1158 simul
1123 1126 1168 1160 de
1194 1131 1349 1172 utroque
1375 1129 1728 1173 pronuntieturff

245 1169 292 1191 an
319 1161 494 1195 sententia
519 1164 562 1197 de
586 1175 660 1198 uno
687 1167 874 1201 feratur
907 1169 979 1212 (sic
1012 1175 1080 1212 Z..
1112 1175 1234 1216 partim
1262 1176 1305 1207 de
1337 1174 1440 1217 σοπὶζ,
1464 1178 1629 1219 restitui15
1672 1178 1728 1221 Su

245 1204 448 1240 actionum:
487 1210 592 1242 simul
618 1212 662 1244 de
689 1223 724 1246 u.
752 1215 1021 1260 pronuntiatur,
1055 1217 1192 1252 etiamsi
1225 1219 1271 1253 de
1302 1231 1351 1262 u„
1371 1221 1512 1263 fertur)
1545 1220 1647 1264 7‚'2‚
1681 1224 1728 1265 20

243 1251 292 1284 N.
320 1258 351 1284 et
376 1254 437 1296 δῖ,-
473 1256 615 1297 qualem
639 1257 795 1291 animum
819 1260 929 1302 judex
959 1262 996 1294 in
1020 1264 1208 1298 consilium
1230 1266 1324 1299 ferat
1346 1266 1382 1309 6,
1409 1269 1441 1310 1,
1471 1270 1516 1302 10
1543 1267 1590 1301 Ν.
1641 1265 1685 1308 td.
1704 1266 1728 1303 ’ἲ

243 1294 279 1339 4,
306 1299 340 1330 2.
377 1298 412 1340 9,
437 1301 471 1341 2,
497 1301 553 1334 86.
602 1301 671 1343 Vl)
702 1306 849 1345 gigno.-
883 1305 1012 1349 (olea)
1055 1309 1212 1354 fructum
1231 1311 1349 1345 -ramis
1381 1313 1543 1356 pluribus
1577 1313 1672 1346 feret
1705 1314 1728 1348 8

243 1343 291 1385 3,
321 1345 382 1385 1Ο;
425 1350 563 1380 1ναηεῑ..·
599 1358 688 1391 quos
715 1349 837 1392 priora
858 1356 1019 1395 tempora
1042 1355 1198 1388 tulerant
1221 1357 1266 1399 3,
1294 1360 1335 1399 7,
1359 1358 1394 1393 3.
1432 1367 1504 1401 quo
1537 1356 1574 1390 in
1608 1369 1728 1404 gener-¹

243 1389 476 1432 paucissimos
502 1393 712 1436 eloquentes
735 1395 861 1430 literae
884 1397 988 1432 Rom.
1013 1400 1172 1434 tulerunt
1197 1403 1262 1444 10,
1293 1405 1310 1436 1
1327 1427 1338 1446 ,
1366 1404 1444 1437 123.
1497 1414 1578 1438 cum
1614 1405 1728 1440 decen

243 1435 426 1478 (oratores)
453 1436 556 1471 simul
580 1439 733 1474 Athenis
757 1453 829 1476 una
849 1449 944 1478 aetas
969 1446 1091 1479 tulerit
1119 1449 1176 1490 10,
1200 1450 1233 1490 1,
1257 1449 1318 1483 76.
1369 1447 1454 1491 Vn)
1481 1451 1503 1483 ἰ.
1520 1460 1556 1494 q.
1583 1450 1728 1485 trad'o,

242 1480 474 1516 Timotheum
495 1500 537 1508 -—·
563 1485 744 1520 ferunt—
764 1488 909 1523 solitum
938 1493 972 1533 2,
1011 1493 1046 1533 3,
1078 1494 1121 1535 3;
1171 1501 1263 1537 quae
1296 1499 1466 1539 tanquam
1499 1494 1726 1538 sine‘rntiom

242 1526 338 1561 dicta
365 1529 531 1563 feruntur
554 1531 589 1574 6,
613 1533 730 1575 3,»99.
759 1533 888 1569 Cicero
913 1536 950 1570 in
973 1537 1087 1572 Bruto
1112 1545 1236 1585 negat,
1275 1545 1357 1574 ante
1381 1540 1544 1576 Periclea
1568 1542 1728 1586 scriptun*

241 1574 448 1618 quidquam,
474 1578 571 1620 quod
595 1585 759 1613 ornatum
784 1582 977 1616 oratorium
1002 1584 1145 1627 habeat;
1171 1586 1249 1628 ejus
1265 1586 1381 1631 aliqua
1400 1587 1500 1621 ferri.
1520 1604 1563 1613 ·-·
1581 1587 1728 1634 ideoqut

239 1620 357 1654 minus
385 1621 496 1656 miror
523 1635 614 1666 esse,
642 1625 701 1669 qui
726 1644 761 1651 -
781 1634 906 1670 putent
923 1630 1022 1668 haec,
1051 1642 1141 1674 quae
1161 1632 1337 1675 feruntur,
1365 1633 1408 1665 ab
1435 1633 1513 1670 aliis
1536 1643 1615 1668 esse
1638 1644 1728 1669 com«

241 1667 358 1710 posita
383 1670 416 1710 3,
445 1671 477 1711 1,
504 1672 556 1703 12.
588 1671 652 1704 sub
677 1672 822 1707 nomine
848 1686 928 1708 meo
953 1676 1035 1709 libri
1060 1678 1270 1710 ferebantur
1289 1677 1373 1711 artis
1389 1679 1592 1713 rhetoricae
1617 1682 1674 1712 Pr.
1701 1685 1724 1715 7

231 1712 286 1753 cs.
308 1717 342 1756 7,
367 1716 402 1756 2,
426 1714 483 1748 24.
510 1717 692 1752 orationes
717 1719 792 1762 ejus
817 1725 852 1757 et
877 1724 1039 1763 poemata
1064 1729 1124 1757 etc.
1148 1724 1313 1756 feruntur
1337 1736 1382 1764 xa.
1411 1728 1433 1758 l.
1459 1724 1590 1763 effer.)
1618 1727 1675 1767 10,
1695 1729 1721 1761 ’1

241 1759 320 1793 129.
346 1759 390 1800 cf.
407 1763 448 1795 ib.
469 1761 527 1795 24.
558 1766 613 1806 10,
633 1767 667 1806 7,
687 1766 750 1799 30.’
791 1766 984 1808 V111)adj.
1006 1780 1115 1810 prae
1146 1780 1203 1802 se.
1241 1771 1264 1802 i.
1288 1782 1318 1814 q.
1351 1773 1498 1812 palam
1524 1775 1652 1806 osten
1723 1790 1728 1814 7

238 1806 398 1840 turbatae
424 1807 573 1852 (comae)
594 1821 710 1853 prae
735 1821 782 1844 se
810 1812 906 1856 ferre
936 1813 1069 1857 aliquid
1109 1815 1256 1849 affectus
1289 1815 1460 1850 videntur
1493 1818 1551 1859 11,
1583 1817 1617 1859 3,
1688 1856 1691 1858 ,

237 1862 404 1897 magnum
424 1854 580 1888 animum
599 1857 695 1889 ferre
715 1868 798 1899 prae
817 1869 855 1891 se
881 1860 1014 1899 (verba)
1041 1863 1097 1902 11,
1116 1863 1149 1904 1,
1173 1863 1230 1896 37.
1254 1861 1372 1895 oratio
1397 1872 1481 1905 prae
1500 1863 1637 1915 sefert·
1650 1863 1688 1899 fe

240 1897 417 1932 cissimam
442 1900 647 1935 facilitatem
666 1904 721 1944 10,
750 1906 780 1944 1,
801 1906 854 1937 11.
877 1905 1041 1939 fiduciam
1059 1918 1143 1950 prae
1159 1919 1199 1940 se
1218 1908 1311 1942 ferat
1329 1910 1362 1951 5,
1384 1910 1439 1951 13,
1459 1909 1513 1942 51.
1533 1909 1726 1949 llberalmm

239 1944 503 1988 disciplinarum
529 1959 615 1990 prae
633 1959 672 1980 se
689 1948 875 1983 scientiam
900 1951 979 1984 tulit
1008 1956 1064 1995 12,
1103 1957 1158 1996 11,
1183 1957 1240 1988 21.
1273 1954 1366 1988 hanc
1389 1954 1559 1988 virtutem
1583 1957 1727 1998 praefi!

237 1990 360 2025 ferunt
387 1995 422 2034 2,
454 1994 511 2035 13,
538 1996 593 2026 11.
625 1993 699 2029 vim
727 1998 904 2039 quandam
929 2010 1013 2042 prae
1035 2010 1074 2033 se
1099 1999 1252 2044 ferentia
1276 2001 1310 2043 9,
1329 2002 1378 2043 ,3,
1404 2000 1460 2036 54.
1487 1999 1543 2042 12,
1570 2003 1625 2042 10.
1647 2003 1710 2038 ‚10-

329 2057 397 2101 IX)
418 2062 551 2093 verbum
569 2064 718 2105 patiendi
744 2062 783 2106 α)
803 2067 825 2098 ἰ.
845 2079 875 2109 q.
902 2070 1129 2108 permitto:
1155 2079 1235 2102 esse
1253 2073 1460 2102 contentum
1476 2077 1545 2119 eon
1560 2069 1658 2111 quod
1677 2067 1728 2112 (a.

237 2107 259 2138 1.
288 2107 385 2148 quo)
409 2105 561 2150 simplex
587 2109 735 2142 canendi
763 2117 886 2144 natura
912 2113 1033 2146 tulerit
1057 2114 1090 2155 5,
1117 2117 1172 2157 10,
1199 2114 1278 2148 124.
1311 2119 1351 2147 ut
1381 2123 1460 2147 mea
1487 2115 1630 2157 quidem
1660 2115 1727 2152 fert

238 2150 362 2194 opinio
386 2150 420 2193 4,
449 2154 482 2195 3,
511 2152 565 2187 14.
592 2162 761 2199 quantum
783 2167 864 2191 mea
885 2158 957 2192 fert
982 2158 1106 2203 opinio
1130 2161 1165 2203 9,
1189 2160 1225 2203 4,
1253 2163 1330 2194 122.
1355 2159 1385 2193 si
1413 2169 1473 2211 res
1510 2160 1605 2212 feqet
1636 2162 1671 2203 5,
1694 2164 1727 2214 2,

237 2199 270 2231 3.
295 2203 335 2230 ut
359 2209 417 2231 res
440 2199 533 2232 feret
560 2203 613 2242 12,
642 2203 697 2235 Pr.
724 2202 758 2235 4.
785 2202 830 2243 cs.
858 2205 913 2246 12,
939 2208 972 2244 1,
996 2207 1052 2239 45.
1084 2206 1268 2248 licentius,
1290 2214 1398 2250 quam
1423 2211 1475 2238 uu
1499 2206 1570 2240 fon
1593 2216 1726 2241 seven-

236 2248 290 2276 tas
315 2244 407 2277 ferat
432 2245 466 2286 8,
491 2246 522 2280 6.
557 2246 613 2280 24.
640 2254 676 2281 ut
706 2248 803 2283 vires
831 2257 972 2283 nostrae
996 2253 1154 2285 tulerunt
1181 2254 1215 2294 3,
1242 2255 1275 2294 1,
1303 2255 1340 2303 1..
1358 2251 1400 2296 β)
1426 2254 1448 2285 ἰ.
1470 2265 1500 2296 q.
1520 2251 1727 2306 perfero,

236 2297 249 2321 1
265 2293 360 2322 olet
371 2303 402 2324 o.
452 2289 485 2332 a)
511 2293 692 2326 hominem:
720 2294 885 2338 quotiens
909 2296 1058 2330 ferimus
1094 2298 1145 2340 (α.
1165 2302 1186 2331 l.
1210 2298 1439 2345 perferimus)
1462 2299 1496 2338 6,
1520 2301 1554 2340 2,
1577 2297 1630 2332 14.
1657 2308 1727 2343 quo

236 2335 352 2369 minus
377 2342 458 2369 sunt
482 2339 635 2382 ferendi.
661 2340 721 2384 qui
750 2348 811 2374 etc.
837 2346 868 2384 1,
893 2342 928 2384 4,
953 2335 993 2377 5)
1015 2354 1088 2376 non
1112 2345 1245 2377 ferrem
1262 2350 1295 2395 te
1321 2344 1353 2386 8,
1383 2345 1495 2396 5331.
1520 2354 1665 2387 vereor,
1689 2348 1727 2397 ut

236 2381 306 2423 jam
331 2392 397 2415 nos
424 2383 517 2416 ferat
544 2385 731 2429 quisquam
756 2389 790 2429 8,
817 2389 850 2430 3,
878 2391 934 2422 25.
964 2388 993 2421 si
1022 2399 1085 2432 pet
1108 2395 1220 2422 totum
1248 2391 1340 2422 diem
1373 2400 1618 2434 cujuscunque
1643 2397 1728 2427 artu

236 2437 347 2460 unum
372 2429 577 2474 magistrum
602 2433 693 2465 ferat
719 2435 752 2475 1,
784 2436 839 2475 12,
869 2436 907 2475 53
946 2446 990 2467 an
1008 2435 1120 2477 'laturi
1146 2436 1216 2468 sint
1241 2435 1393 2469 Romani
1417 2438 1523 2469 talem
1546 2447 1668 2480 regem
1691 2439 1727 2490 7,

237 2475 270 2513 1,
299 2473 361 2514 243
399 2476 470 2518 adj.
499 2479 647 2510 Pania.-
684 2489 751 2512 nos
776 2491 877 2512 sacra
901 2480 1081 2513 literarum
1106 2483 1265 2515 colentes
1290 2483 1384 2515 feras
1422 2485 1479 2524 10,
1513 2485 1545 2523 1,
1569 2484 1626 2517 92.
1651 2492 1728 2534 ιιοιι1

235 2522 354 2551 tamen
379 2520 493 2555 ferres
519 2534 766 2568 quemcunque
793 2525 967 2559 dicentem
990 2530 1043 2568 11,
1071 2530 1104 2569 1,
1129 2530 1183 2562 37.
1206 2539 1251 2561 an
1273 2528 1457 2572 quisquam
1480 2529 1599 2562 tulerit
1623 2536 1728 2618 Υθιᾙ

235 2577 280 2586 --
307 2563 483 2599 dicentem
513 2573 568 2610 11,
602 2573 632 2610 1,
665 2569 720 2607 49.
751 2571 830 2614 quis
852 2572 942 2605 serat
962 2573 1211 2617 contrapositis
1234 2594 1278 2599 —
1310 2573 1532 2615 irascentem,
1566 2572 1673 2607 flente
1711 2586 1714 2590 ⁴

235 2612 444 2651 rogantfflu'!
473 2614 507 2655 9,
534 2616 567 2656 3,
597 2618 673 2649 102.
704 2627 770 2650 nec
797 2620 1166 2663 accusatorematroci
1189 2619 1226 2652 in
1246 2630 1353 2652 causa
1371 2619 1549 2660 jocantem
1567 2636 1608 2644 -
1628 2619 1728 2661 sexte&

238 2653 423 2695 quisquam
453 2657 487 2697 6,
514 2660 546 2698 3,
572 2663 627 2694 30,
654 2661 697 2701 cs.
724 2663 757 2703 6,
781 2666 811 2701 1,
835 2666 893 2697 25.
922 2667 978 2706 12,
1007 2667 1062 2706 10,
1091 2669 1147 2698 27.
1173 2665 1384 2706 fflpemlente
1406 2666 1518 2707 aliqua
1538 2668 1725 2707 sententiaa?

238 2698 331 2741 Quid
357 2699 451 2732 enim
481 2701 574 2734 aliud
599 2712 704 2746 esset,
732 2718 802 2750 quo
823 2720 862 2741 se
888 2708 1022 2742 victum
1043 2730 1088 2735 --
1106 2710 1216 2755 magis
1242 2709 1379 2742 narret?
1408 2712 1462 2761 11,,
1487 2713 1521 2761 1,
1545 2711 1604 2746 69.
1626 2716 1726 2763 qino!

235 2745 343 2777 modo
371 2751 494 2778 contra
524 2758 589 2780 nos
616 2751 669 2794 agi
697 2753 739 2783 ab
765 2754 968 2787 hominibus
998 2755 1223 2789 condicionis
1251 2755 1412 2797 ejusdem
1446 2766 1570 2807 iniquo
1601 2760 1726 2798 ammq

236 2789 440 2824 tulisseuuis
468 2795 521 2831 11,
550 2797 582 2834 1,
607 2797 663 2827 (515.
691 2797 750 2829 illa
776 2799 919 2840 quidem
939 2801 975 2832 iu
998 2802 1068 2834 hoc
1096 2811 1205 2844 opere
1227 2800 1383 2843 praecipi
1410 2813 1486 2844 qlus
1514 2803 1633 2854 ferat}
1661 2805 1727 2854 “j

235 2838 270 2880 3,
294 2839 359 2880 27,
391 2839 571 2882 quomodo
595 2840 728 2875 laturus
754 2843 799 2876 sit
823 2843 972 2889 Caesar,
1008 2846 1051 2879 si
1074 2848 1295 2881 Ptolemaeus
1319 2847 1526 2892 I’ompejum
1546 2849 1722 2883 occident
