1728 3002
582 203 743 249 Cursor
770 227 827 236 —
856 202 1019 261 cymba
1482 206 1564 247 199

34 311 204 355 cumr·
249 316 430 367 quomodo
457 320 686 366 palaestricus
711 319 773 355 me
798 330 982 355 cursorem
1006 325 1067 353 etc.
1087 317 1231 353 factet?
1255 318 1292 361 2,
1316 317 1353 361 8,
1377 319 1413 354 7.
1433 367 1435 369 ¹

33 367 206 412 Cursus}
247 378 283 422 l)
306 380 459 423 propn'e:
486 377 587 412 illum
609 389 773 412 cursus
796 383 833 413 et
856 376 1053 425 agilitas
1076 382 1140 411 etc,
1169 373 1311 420 (decuit)
1335 377 1392 417 11,
1415 375 1451 416 3,
1475 374 1556 410 180.

75 435 194 469 neque
211 424 314 469 prius
337 423 543 472 contingere
568 435 690 459 cursus
713 429 851 468 potest,
884 434 990 467 quam
1018 421 1222 464 scierimus,
1256 431 1328 466 quo
1351 421 1398 456 sit
1422 426 1459 455 et
1486 431 1557 464 que

75 470 356 516 perveniendum
379 472 444 514 10,
466 473 503 514 7,
529 471 563 506 5.
602 470 851 506 vehementior
877 469 1060 503 fluminum
1082 479 1114 503 c.
1140 469 1183 512 9,
1206 466 1248 511 4,
1273 471 1307 502 7.
1344 478 1392 502 ex
1417 477 1556 502 oceano

77 516 233 552 amnium
258 516 480 560 fontiumque
505 527 629 550 cursus
652 515 794 551 initium
821 526 949 560 capere
973 517 1029 558 10,
1054 517 1088 559 1,
1110 512 1157 550 46
1178 518 1223 548 Ζ.
1256 513 1413 548 siderum
1436 518 1556 547 certos

74 561 356 607 constitutosque
380 573 504 597 cvii-sus
528 565 563 606 1,
589 564 645 604 10,
668 561 726 598 46.
755 562 802 604 es.
828 565 883 605 12,
908 564 965 603 11,
990 563 1045 596 10.
1104 559 1152 603 n)
1180 563 1287 593 transl
1311 573 1323 593 .-
1353 560 1474 594 salvus
1500 564 1554 592 est

75 619 202 642 cursus
226 606 435 652 (orationis)
458 609 500 652 9,
526 609 571 651 4,
596 610 655 643 70.
687 618 781 643 curs.
808 609 851 642 ad
876 607 1014 654 singula
1035 606 1186 654 vestigia
1207 605 1340 640 rostitit
1364 607 1426 647 10,
1450 608 1492 648 7,
1514 604 1551 658 4:

74 653 137 688 ubi
158 665 252 689 curs.
277 653 447 688 orationis
469 653 530 689 exi
557 654 625 688 'tur
645 655 689 697 9,
711 654 759 698 4,
787 656 864 689 106.
908 665 1004 688 curs.
1026 652 1210 687 inhibetur
1232 654 1298 694 10,
1321 653 1367 694 3,
1392 654 1449 686 20.
1491 661 1553 695 qul

71 698 294 743 instituetur,
327 710 480 744 pronum
506 711 526 734 a
577 705 695 734 cetera
719 700 902 734 habiturus
929 705 984 734 est
1006 710 1148 734 cursum
1170 699 1213 736 8.
1249 699 1307 732 Pr.
1331 698 1365 732 5.
1410 708 1553 733 cursum

0 771 5 776 .
72 745 216 780 dicendi
236 746 395 780 refluant
416 747 452 789 8,
477 747 534 781 Pr.
559 749 619 782 27.
648 745 693 788 tf.
717 746 754 790 4,
777 749 820 791 3,
845 749 912 788 133
949 746 995 780 nd
1016 745 1104 779 illud
1126 744 1278 789 spatium
1300 755 1408 778 cursu
1430 743 1549 777 feran-

68 796 127 826 uu·
154 793 218 834 10,
245 793 290 836 3,
315 792 352 827 6.
389 797 429 826 ut
451 791 514 836 qui
538 803 675 827 cursu
698 803 823 837 pou-mn
846 794 988 835 velent,
1015 792 1147 825 flexu
1173 791 1318 824 eludant
1343 791 1386 834 9,
1419 790 1549 842 2,.78.

67 847 150 872 cum
181 837 270 872 citra
305 836 567 873 distinctionem
598 837 638 873 in
666 843 804 874 textu
841 844 878 874 et
909 848 1049 873 cursu
1082 847 1225 883 semper
1257 835 1393 882 nkiquid
1429 845 1552 880 priore

66 883 181 927 majus
202 883 457 929 inaequitate,
479 883 516 928 4,
538 886 563 921 8
585 888 628 920 2.

23 937 206 981 curulis.
241 952 365 986 seuam
386 961 463 987 cur.
485 952 522 996 6,
545 954 582 995 3,
604 952 663 987 25.

22 1005 178 1048 Curvo.
216 1020 356 1054 duobus
376 1019 518 1055 modice
541 1018 700 1055 euantis
727 1017 875 1064 (digitis)
899 1021 956 1064 11,
979 1020 1016 1063 3,
1037 1018 1095 1055 9⁵.

2 1072 191 1130 ,cuspis
229 1089 262 1128 ι,
282 1087 319 1129 6,
339 1088 398 1124 25,

0 1140 237 1185 'Custodia-
280 1153 315 1199 1)
338 1154 377 1190 id
398 1155 503 1190 nobis
526 1154 682 1190 acriores
705 1154 751 1189 ed
768 1152 885 1188 studia
906 1151 1049 1188 dicendi
1071 1153 1172 1188 faces
1197 1151 1418 1196 subdidisse,
1442 1163 1549 1198 quam

62 1218 112 1226 -—
132 1201 418 1248 paedagogorum
443 1201 640 1236 custodiam
666 1209 728 1235 ete.
758 1202 802 1243 1,
834 1203 880 1243 2,
915 1202 973 1235 25.
1020 1199 1162 1243 decoris
1190 1204 1280 1235 cust.
1312 1202 1379 1243 11,
1411 1202 1455 1242 1,
1488 1201 1547 1234 57.

65 1246 243 1280 cautiores
274 1248 322 1281 sd
351 1248 549 1282 custodiam
571 1257 658 1281 suae
682 1245 866 1292 religionis
891 1245 1029 1291 judices
1057 1245 1144 1280 facit
1169 1246 1213 1291 6,
1238 1249 1257 1280 1
1270 1273 1281 1290 ,
1305 1248 1364 1280 20.
1430 1244 1484 1289 11)
1506 1247 1549 1280 de

66 1304 222 1326 earcere:
254 1303 276 1328 e
302 1293 463 1328 custodia
485 1293 599 1329 evasit
619 1296 656 1337 2,
681 1296 738 1337 17,
761 1294 821 1327 20.

17 1345 240 1390 Custodia·
285 1361 319 1404 ι)
342 1362 367 1395 ε.
390 1374 423 1407 q.
448 1373 645 1396 mem.-
673 1360 759 1406 quid
779 1360 843 1394 ma
864 1358 1028 1394 miserius
1050 1359 1132 1393 1000
1153 1376 1199 1384 -
1219 1364 1260 1393 ut
1274 1358 1404 1394 Graeci
1427 1357 1548 1394 dicem

62 1407 199 1449 solent,
224 1417 331 1450 quem
352 1413 465 1442 mater
487 1407 655 1441 amictum
672 1407 790 1450 dedit,
814 1405 954 1440 solicite
977 1387 1251 1440 custodientium
1274 1407 1309 1449 5,
1331 1405 1389 1448 14,
1413 1407 1456 1439 31
1479 1405 1526 1439 N.
1533 1421 1547 1449 ,-

63 1461 128 1487 eos
151 1452 322 1486 custodiri
345 1453 435 1497 jussi
461 1456 546 1488 Cic.
570 1455 606 1496 9,
629 1455 664 1495 3,
687 1455 745 1488 50.
802 1451 898 1496 11)ἰ.
923 1465 955 1496 q.
982 1464 1219 1486 conservo.-
1244 1451 1283 1486 in
1306 1451 1435 1496 quibus
1455 1450 1548 1485 mire

63 1497 261 1533 custoditur
284 1499 395 1533 decor
417 1498 471 1544 (a.
496 1504 520 1533 1.
548 1498 744 1541 decorum)
770 1500 832 1537 10,
858 1500 901 1539 1,
923 1495 981 1533 71.
1017 1497 1269 1545 negligentiam
1297 1497 1550 1532 formandi

63 1543 450 1590 custodiendique
471 1544 511 1579 in
534 1551 648 1580 aetate
670 1545 784 1589 prime
806 1543 952 1589 pudoris
977 1546 1011 1586 1,
1034 1546 1069 1586 2,
1094 1543 1129 1578 4.
1161 1549 1253 1588 quae
1275 1543 1437 1588 plerique
1459 1554 1548 1576 mu-

64 1594 169 1624 tare
194 1591 296 1625 nefas
318 1591 469 1635 habent,
513 1597 550 1625 et
574 1592 675 1626 velut
704 1592 859 1626 themata
885 1589 924 1624 in
948 1590 1083 1624 scholis
1110 1590 1226 1634 posita
1257 1588 1547 1624 custodiunt

63 1637 121 1678 12,
144 1636 180 1678 8,
203 1637 238 1671 6.
276 1636 357 1680 ina,
376 1640 475 1682 vquae
498 1637 638 1681 scriptis
662 1635 979 1681 reposuimus,
1004 1637 1106 1670 velut
1130 1635 1383 1670 custodire
1411 1634 1547 1670 desini-

61 1692 141 1715 mus
164 1684 221 1725 11,
244 1684 280 1725 2,
301 1684 345 1726 9;
379 1684 552 1727 pleraque
575 1689 656 1717 sunt
678 1682 964 1727 fi-equentissime
989 1681 1325 1716 custodienda:
1353 1682 1428 1715 imo
1451 1692 1546 1715 nun-

64 1737 192 1770 quam,
216 1727 287 1762 uisi
310 1728 403 1763 ratio
426 1729 608 1776 coegerit,
634 1729 847 1763 mutanda
868 1727 909 1771 4,
934 1730 975 1772 2,
1004 1730 1083 1763 103.
1118 1727 1187 1762 ista
1209 1738 1275 1772 per
1296 1733 1408 1762 totam
1431 1727 1545 1761 actio-

63 1783 146 1806 nem
168 1772 492 1809 sint-custodienda
513 1774 559 1818 4,
584 1779 623 1817 1,
647 1775 683 1810 5.
710 1774 756 1817 «ff.
780 1773 825 1818 4,
850 1777 894 1817 2,
917 1774 974 1808 35.
1012 1773 1052 1807 in
1073 1773 1129 1808 his
1157 1773 1274 1808 causis
1297 1774 1424 1808 eadem
1447 1772 1547 1808 diffe-

60 1817 176 1852 rentia
199 1818 387 1866 diligenter
409 1826 463 1855 est
489 1820 721 1855 custodienda
746 1823 802 1863 11,
830 1823 864 1863 1,
890 1821 948 1855 39.
983 1821 1111 1854 modus
1134 1820 1268 1864 ubique
1291 1818 1547 1853 custodiendus

62 1862 98 1902 4,
122 1866 157 1906 2,
181 1863 238 1898 35.
267 1876 357 1909 quae
378 1865 426 1899 sit
442 1867 567 1912 regula
587 1866 823 1901 scribentibus
845 1865 1079 1900 custodienda
1102 1869 1135 1910 1,
1151 1868 1187 1908 2,
1210 1865 1245 1899 4.
1276 1865 1320 1908 cs.
1348 1868 1404 1908 11,
1432 1868 1466 1908 1,
1485 1866 1544 1899 55.

63 1909 133 1952 ΙΙΙ)
158 1911 182 1942 ἰ.
204 1922 236 1953 q.
259 1910 470 1954 defendo,
505 1919 652 1946 tueor.-
687 1912 936 1947 custodiendas
959 1913 1067 1946 urbes
1090 1915 1127 1956 7,
1154 1914 1213 1951 10,
1239 1913 1304 1954 13;
1345 1911 1546 1957 effugienda

62 1955 102 1990 in
132 1955 200 1988 hac
226 1955 416 1999 praecipue
440 1962 540 1999 parte
566 1957 683 1991 omnis
709 1957 910 1992 calliditatis
936 1957 1116 2002 suspicio,
1153 1968 1271 2001 neque
1298 1956 1393 1991 enim
1422 1967 1461 1991 se
1487 1967 1548 1990 us-

63 2012 169 2045 quam
192 2001 346 2034 custodit
370 2001 480 2047 magis
504 2002 615 2042 iudex
634 2002 678 2046 4,
699 2006 743 2046 2,
769 2004 849 2038 126.
877 2003 1075 2038 teneriores
1099 2013 1214 2037 annos
1238 2003 1289 2037 ab
1311 2002 1439 2046 injuria
1462 2013 1547 2036 san-

63 2046 167 2083 ctitas
193 2046 354 2080 docentis
378 2047 555 2080 custodiat
576 2050 620 2090 2,
646 2051 690 2091 2,
721 2050 756 2082 3.
827 2048 894 2090 IV)
921 2051 1123 2091 observo,
1152 2061 1240 2082 cum
1266 2050 1544 2091 suspicione.-

64 2104 156 2137 quae
187 2091 218 2125 si
253 2091 356 2126 aliter
390 2091 484 2125 dicta
515 2097 656 2137 essent,
698 2092 847 2136 strepitu
870 2093 988 2137 ipsum
1012 2094 1168 2139 judicem
1201 2094 1246 2127 ad
1274 2092 1546 2127 custodiendum

62 2144 253 2184 patronum
279 2137 496 2172 excitassent
517 2136 553 2180 4,
575 2140 611 2180 2,
638 2139 695 2172 58.
730 2140 889 2172 nondmn
914 2139 1101 2183 recepti
1126 2149 1313 2181 sumus,
1337 2144 1373 2172 et
1398 2144 1548 2172 custo-

63 2184 130 2218 dit
157 2194 223 2218 nos
249 2195 377 2218 recens
402 2182 619 2217 audientium
647 2183 799 2217 intentio
821 2183 865 2227 4,
897 2187 939 2226 1,
971 2185 1029 2218 59.
1100 2183 1152 2227 V)
1181 2186 1203 2218 ἰ.
1229 2197 1260 2228 q.
1285 2185 1546 2218 dissimulo.-

22 2271 28 2274 =
64 2229 222 2274 prodit
243 2241 306 2272 se,
331 2229 524 2274 quamlibet
547 2228 864 2271 custodiatur,
889 2228 1067 2262 simulatio
1091 2231 1148 2270 12,
1174 2231 1208 2271 1,
1231 2230 1291 2265 29.
1366 2229 1437 2273 Vl)
1462 2233 1487 2264 ι’.
1513 2243 1548 2274 q.

66 2288 170 2309 cur-o
184 2290 194 2308 .·
228 2274 267 2309 id
291 2275 330 2309 in
351 2275 429 2309 aliis
456 2286 598 2319 quoque
619 2274 942 2319 propinquitatibus
969 2274 1238 2309 custodiendum
1265 2280 1319 2309 est
1333 2299 1346 2316 ,
1374 2281 1421 2309 ut
1443 2275 1548 2311 inviti

65 2320 263 2366 judicemur
289 2320 421 2355 dixisse
448 2324 512 2365 11,
538 2324 579 2364 1,
604 2321 663 2356 66.
699 2319 745 2362 qs.
769 2321 814 2364 8,
838 2321 881 2363 6,
903 2319 961 2355 49.
997 2320 1128 2364 quoin
1151 2331 1282 2368 genere
1308 2321 1345 2354 id
1368 2326 1422 2355 est
1443 2333 1548 2366 prae-

65 2366 172 2411 cipue
197 2366 487 2409 custodiendum,
517 2378 571 2401 ne
598 2374 661 2401 etc.
682 2367 729 2410 8,,
754 2368 796 2409 3,
822 2367 880 2400 73.
910 2364 956 2407 cs.
980 2366 1015 2408 8,
1039 2365 1075 2409 5,
1099 2369 1136 2401 7.
1207 2365 1295 2410 vn)
1322 2370 1467 2405 Panic..-
1495 2373 1550 2401 est

68 2417 104 2447 et
135 2417 299 2490 structa
324 2417 362 2447 et
391 2412 551 2459 gravis
579 2411 696 2447 oratio
722 2418 759 2446 et
783 2410 1027 2446 custodita
1061 2411 1119 2456 (α.
1141 2415 1167 2447 1.
1190 2412 1384 2460 castigata)
1417 2415 1482 2457 10,
1515 2416 1549 2457 1,

22 2512 191 2562 Custos·
219 2543 266 2551 —
287 2523 491 2568 patrimonii
510 2529 623 2560 tenax
643 2523 679 2568 4,
704 2527 740 2568 2,
770 2526 828 2560 73.
851 2523 1070 2569 Dionysium
1092 2530 1214 2570 petere
1236 2526 1404 2561 custodes
1427 2525 1550 2561 salutis

69 2582 155 2605 suae
176 2571 212 2614 5,
236 2573 292 2614 11,
316 2571 363 2613 8,
393 2571 514 2617 leges,
537 2570 825 2619 diligentissimam
846 2571 994 2614 pudoris
1018 2573 1184 2607 custodes
1206 2573 1243 2615 8,
1265 2573 1303 2615 5,
1334 2573 1388 2609 19.

26 2623 163 2667 cutis-
208 2637 244 2683 1)
269 2649 351 2672 cum
370 2638 544 2672 infirmnm
559 2638 778 2680 verecundia
799 2644 916 2672 cutem
935 2638 1075 2684 accepit
1092 2642 1150 2682 11,
1166 2641 1202 2682 3,
1223 2641 1282 2674 78.
1329 2641 1383 2683 11)
1408 2645 1526 2674 transl.
1539 2655 1549 2673 .-

0 2713 6 2719 ,
70 2689 194 2718 tenera
208 2685 360 2729 quadam
377 2683 592 2719 elocutionis
614 2691 696 2719 cute
719 2686 754 2728 5,
778 2686 835 2727 12,
860 2685 922 2725 18;
948 2685 1103 2725 sufficiat
1122 2685 1314 2731 imaginem
1333 2686 1478 2721 virtutis
1494 2688 1552 2720 et*-

142 2741 223 2773 ere,
247 2735 286 2764 et
307 2731 440 2773 solam,
467 2734 507 2763 ut
531 2729 586 2764 sio
610 2730 786 2774 dixerim,
814 2736 967 2764 cutem
991 2733 1048 2774 10,
1073 2734 1110 2774 2,
1136 2733 1181 2766 15
1205 2732 1252 2765 Ν.

28 2772 132 2828 Cym
163 2788 200 2815 a·
244 2791 383 2821 uma.-
407 2785 540 2830 aliquid
563 2804 608 2811 —
629 2786 668 2821 in
690 2796 764 2831 quo
790 2797 869 2821 mea
896 2788 1024 2832 cymba
1051 2798 1126 2824 non
1146 2788 1240 2823 «ida
1265 2791 1321 2831 12,
1351 2791 1406 2830 ιο,
1433 2790 1491 2823 37.
