1728 3002
123 98 207 137 760
252 141 254 143 ,
628 66 631 79 ⁴
830 99 957 144 Ratio

218 209 260 254 y)
284 210 456 246 Nominat.
487 211 523 254 a)
552 225 581 247 c.
610 214 723 248 Verbo
746 215 870 249 σιώπα
903 215 996 250 haec
1019 220 1074 250 est
1095 214 1264 261 profecto
1278 216 1422 254 'ratio
1443 222 1481 253 et
1505 218 1662 254 certissi-

171 266 270 291 mum
295 263 661 301 praeceptorum
685 270 820 307 genus,
845 259 943 296 iuius
963 260 1035 297 viri
1061 262 1266 299 observatio
1291 265 1356 308 11,
1385 264 1427 307 1,
1451 266 1516 299 71.
1533 265 1662 299 mirum

173 302 272 337 dictu
290 308 357 345 est,
382 314 449 337 nec
472 304 510 337 in
533 310 676 349 promtu
699 318 730 340 r.
755 309 860 350 11‚2,
877 307 936 343 43.
960 309 1041 342 ead.
1063 319 1094 343 r.
1121 314 1176 344 est
1196 319 1335 353 eornm,
1358 320 1452 355 quae
1474 320 1522 344 ex
1542 312 1661 356 poeti-

175 348 228 383 cis
255 348 385 383 fabulis
415 350 593 384 ducuntur
615 352 660 394 5,
685 355 749 396 11,
780 356 835 388 17.
869 353 914 395 cs.
944 356 1009 398 11,
1037 357 1055 389 1
1070 378 1080 396 ‚
1104 356 1161 390 38.
1191 354 1397 400 utinamque
1420 361 1515 391 esset
1537 358 1661 392 r..mi-

173 395 308 428 nuendi
331 395 376 438 6,
404 396 463 430 Pr.
491 399 526 432 7.
554 398 655 440 cujus
678 398 732 433 rei
764 400 842 434 ead.
873 399 912 434 in
937 401 1152 447 argumentis
1183 413 1214 436 r.
1239 406 1317 443 est,
1340 407 1386 436 ut
1419 401 1662 446 potentissima

170 440 284 486 prima
309 447 344 476 et
367 449 506 479 sunma
529 450 709 488 ponantur
730 445 766 488 6,
788 445 823 491 4,
847 448 905 482 22.
930 449 1008 481 ead.
1034 447 1179 482 musicis
1201 459 1234 483 r.
1263 453 1319 483 est
1344 450 1401 491 12,
1427 449 1485 492 10,
1507 449 1566 484 68.
1595 450 1663 484 alia

175 487 274 522 veris
299 487 456 523 consiliis
479 500 509 524 r.
533 496 587 524 est
609 492 655 535 3,
678 492 723 535 8,
746 492 803 527 62.
827 491 951 527 similis
977 493 1037 528 hic
1060 504 1204 539 quoque
1227 493 1468 538 superioribus
1491 505 1521 529 r.
1548 495 1662 538 est'4,

175 533 210 575 1,
237 534 294 569 19.
318 532 362 575 cs.
388 535 430 579 8,
458 535 500 578 6,
528 537 571 570 13
612 537 702 571 haec
726 537 858 572 ratio
882 544 921 573 ut
951 545 1005 574 est
1027 540 1079 574 illi
1105 539 1201 575 arti
1226 551 1301 575 non
1327 540 1507 575 dissimilis
1533 543 1598 585 11,
1626 545 1663 585 2,

173 581 230 614 33.
255 591 287 614 r.
313 591 405 625 quae
441 581 648 617 doctissimo
678 583 808 630 cuique
838 585 1043 630 plenissima
1070 586 1184 630 (vulg.
1208 585 1320 631 plan.)
1350 592 1404 621 est
1429 589 1475 631 2,
1501 588 1544 630 3,
1568 587 1591 622 6
1615 589 1663 623 Ν.

173 633 206 659 et
233 627 267 659 S.
293 626 364 662 alia
389 639 442 672 ap.
468 628 733 674 centumviros,
763 631 831 665 alia
854 643 911 676 ap.
935 632 1113 676 privatum
1140 632 1295 676 judicem
1316 631 1356 666 in
1377 632 1459 667 iisd.
1483 633 1666 678 quaestio-

171 671 278 706 nibus
300 684 331 707 r.
354 674 400 716 5,
428 676 495 718 10,
522 676 601 710 115.
637 687 728 720 quae
754 676 794 712 in
815 677 1070 723 suscipiendis,
1096 678 1299 722 discendis,
1326 690 1345 713 a
1371 678 1472 713 endis
1494 679 1609 714 causis
1630 691 1664 716 1·.

171 719 231 753 Pr.
259 721 317 753 22.
344 721 410 754 sub
431 732 507 756 ¹una
530 722 740 765 quaestione
763 725 883 767 plures
896 735 986 759 -esse
1008 736 1039 760 r.
1070 727 1106 768 3,
1130 728 1188 769 11,
1217 726 1252 761 6.
1277 724 1353 760 nihi
1390 723 1531 768 dicitur,
1559 737 1588 759 r.
1606 725 1666 760 cui

171 774 248 800 non
274 764 360 800 insit
386 768 422 810 3,
446 768 486 810 6,
515 766 593 802 104.
629 769 789 804 citharae
820 771 929 805 modo
961 771 1098 806 intenta
1127 782 1159 807 r.
1191 770 1374 806 doctrinae
1396 781 1477 806 esse
1503 771 1610 807 debet
1633 772 1668 815 5,

174 813 232 854 10,
256 811 336 846 124.
383 812 424 856 b)
449 827 479 848 c.
509 816 584 847 aliis
603 817 742 850 Verbis.-
772 821 808 851 et
830 816 918 851 illud
942 823 1061 860 potest
1081 817 1208 852 afferre
1232 828 1284 860 r.,
1307 823 1353 852 ut
1377 824 1438 852 ew·
1463 819 1521 861 12,
1546 819 1580 861 1,
1606 819 1665 853 36.

152 856 212 892 tin
241 859 451 903 metalepsin
485 871 627 906 quoque
662 861 757 896 cadit
779 863 857 897 ead.
882 875 914 898 r.
939 863 1114 898 dictorum
1140 864 1183 909 6,
1207 865 1254 908 3,
1279 864 1336 899 52.
1369 863 1400 898 si
1432 862 1470 897 id
1500 873 1666 910 asperum

173 903 262 947 erit,
291 905 394 939 cedet
418 906 508 940 haec
531 918 561 941 r.
588 908 746 943 numeris
769 910 812 953 9,
837 909 879 953 4,
906 909 962 945 26.
998 910 1062 944 illo
1085 909 1204 944 subtili
1226 909 1419 955 praecipue
1441 921 1475 944 rt
1497 909 1668 945 narrandi

173 950 421 996 probandique
449 952 620 988 consistet
648 957 711 998 12,
745 957 810 999 10,
847 956 903 991 59.
937 956 1052 990 omnis
1083 956 1180 991 vitae
1212 967 1243 993 r.
1274 955 1327 990 sic
1350 960 1506 999 constat,
1540 961 1581 990 ut
1602 964 1668 991 etc.

172 998 231 1040 10,
255 999 290 1040 2,
315 1000 349 1032 2.
379 1009 462 1032 cum
484 1000 556 1034 hoc
575 999 705 1046 ipsum,
730 1002 827 1046 quod
852 1001 1021 1036 dissimile
1045 1008 1100 1038 est
1121 1001 1264 1046 rationi,
1289 1013 1320 1037 r.
1345 1001 1504 1049 coegerit
1524 999 1561 1044 4,
1578 1002 1613 1046 5,
1630 1005 1667 1038 7.

173 1037 218 1083 cs.
244 1041 290 1087 4,
318 1046 361 1086 2,
390 1047 468 1079 103.
494 1045 523 1080 si
547 1057 578 1080 r.
604 1046 653 1081 ita
676 1047 820 1082 duxerit
842 1051 878 1092 2,
905 1051 961 1092 17,
989 1051 1046 1083 32.
1077 1060 1168 1094 quae
1190 1060 1222 1082 r.
1247 1053 1285 1083 et
1306 1049 1397 1101 ultra
1418 1047 1517 1083 ducit
1537 1048 1584 1091 5,
1609 1049 1665 1102 13,

171 1088 229 1124 55.
256 1091 399 1133 quando
428 1102 509 1125 eum
540 1093 584 1126 ad
609 1094 856 1129 defensionem
879 1095 1086 1128 nocentium
1108 1094 1200 1129 ratio
1224 1094 1368 1129 duxerit
1394 1097 1458 1129 12<
1485 1096 1524 1138 1,
1549 1092 1606 1129 34.
1635 1103 1668 1128 sl

169 1145 201 1169 r.
226 1135 360 1179 efficit,
393 1143 433 1171 ut
458 1139 548 1173 haec
572 1150 647 1174 non
675 1140 815 1184 opinari
837 1141 900 1175 sed
928 1141 1021 1175 scire
1042 1141 1233 1176 videantur
1258 1144 1300 1184 2,
1328 1143 1393 1184 17,
1422 1119 1481 1176 38.
1498 1140 1553 1194 οἰιι
1578 1148 1668 1185 «[1ιο-

170 1185 291 1215 ternas
313 1193 456 1227 quoque
482 1196 523 1219 ac
546 1187 666 1230 plures
690 1188 780 1222 haec
803 1199 834 1224 r.
860 1187 912 1222 ire
936 1186 1130 1221 sententias
1150 1193 1271 1232 potest
1289 1187 1326 1230 9,
1346 1189 1383 1230 3,
1398 1190 1455 1222 77.
1477 1197 1556 1221 sive
1574 1197 1664 1231 quae

171 1226 240 1260 alia
265 1230 427 1275 exegerit
452 1242 480 1263 r.
505 1234 562 1273 12,
588 1233 623 1274 9,
648 1234 704 1266 20.
738 1244 818 1268 cum
840 1233 1036 1268 intervenit
1058 1233 1150 1267 ratio
1175 1232 1320 1279 longior
1346 1233 1389 1277 (S
1397 1245 1430 1277 p.
1456 1231 1570 1267 oratio
1593 1233 1666 1266 lur-
1711 1264 1714 1267 ,

169 1271 268 1318 glor)
293 1276 333 1315 5,
361 1274 424 1317 14,
451 1279 563 1323 122.
596 1279 746 1310 multum
770 1290 799 1312 r.
825 1278 959 1312 limabit
983 1281 1026 1322 2,
1049 1278 1094 1323 4,
1118 1282 1153 1313 7.
1186 1290 1277 1323 quae
1299 1279 1372 1312 hoc
1395 1278 1527 1321 patitur
1547 1289 1578 1312 r.
1607 1280 1666 1321 10,

170 1321 206 1360 7,
229 1320 263 1353 3.
292 1319 354 1352 ubi
380 1322 475 1354 aliud
494 1322 621 1356 ‘ratio
646 1323 742 1356 alind
767 1325 1068 1358 consuetudo
1093 1330 1217 1368 poscet
1240 1325 1287 1365 9,
1310 1323 1356 1365 4,
1381 1324 1438 1358 59.
1477 1323 1521 1365 ff
1559 1326 1601 1367 1,
1627 1326 1664 1366 7,

169 1364 203 1398 7.
232 1367 289 1407 12,
315 1368 371 1409 11,
396 1369 417 1404 5
442 1366 485 1401 N.
512 1369 546 1408 8,
568 1369 603 1410 6,
629 1369 685 1402 62.
710 1369 825 1403 serius
849 1381 954 1413 quam
982 1380 1013 1403 r.
1038 1370 1194 1413 postulat
1215 1371 1250 1412 2,
1271 1372 1303 1412 1,
1329 1372 1359 1402 1.
1392 1367 1438 1409 cs.
1462 1370 1496 1411 5,
1515 1371 1576 1421 ,12,
1608 1368 1664 1421 14.

169 1410 347 1445 rationem
373 1414 779 1458 negabant-permittere
806 1421 839 1457 1,
858 1416 893 1458 6,
915 1418 970 1448 11.
994 1420 1035 1448 ut
1052 1415 1240 1458 possimus,
1264 1424 1338 1448 non
1362 1419 1663 1448 exercitatio

168 1457 277 1491 modo
305 1459 497 1501 praestabit
521 1461 585 1494 sed
611 1460 717 1501 etiam
739 1461 867 1495 ratio
891 1463 947 1503 10,
973 1463 1008 1505 3,
1034 1462 1090 1495 15.
1119 1460 1164 1502 ej:
1187 1462 1222 1504 3,
1246 1461 1283 1504 2,
1311 1463 1344 1495 1.
1371 1459 1436 1495 vix
1461 1466 1579 1494 tamen
1605 1467 1665 1494 aut

170 1508 335 1537 natura
360 1511 420 1540 aut
443 1506 576 1541 ratio
600 1526 646 1532 —
673 1512 780 1551 queat
806 1510 870 1549 10,
895 1510 934 1549 7,
958 1508 993 1542 9.
1023 1507 1145 1541 subest
1170 1517 1201 1541 r.
1225 1507 1267 1549 9,
1289 1507 1339 1552 ⁷3²
1363 1507 1397 1541 6.
1421 1506 1511 1540 mihi
1534 1513 1664 1540 cuncta

169 1548 312 1583 rimanti
340 1551 420 1584 talis
445 1553 573 1596 quaed.
596 1564 628 1587 r.
653 1554 827 1587 succurrit
850 1555 892 1595 3,
923 1552 963 1595 4,’
983 1553 1016 1587 6.
1043 1553 1170 1598 quosd.
1195 1563 1225 1586 r.
1250 1552 1329 1596 ipsa
1355 1558 1462 1604 aggi-e
1484 1556 1605 1585 tuetur
1629 1554 1665 1596 3,

166 1595 212 1637 8,
242 1594 299 1630 48.
321 1607 371 1637 1·.,
405 1610 495 1642 quae
519 1600 564 1634 ad
586 1600 789 1634 movendos
814 1598 1075 1643 leniendosque
1110 1599 1258 1633 affectus
1289 1598 1481 1642 plurimum
1508 1598 1606 1633 valet
1630 1601 1664 1640 1,
1712 1637 1714 1641 ,

167 1643 234 1683 10,
260 1643 316 1676 31.
351 1642 395 1685 cf.
422 1647 464 1682 2,
494 1647 543 1690 3,
565 1644 599 1678 6.
633 1656 701 1679 nec
731 1645 770 1680 in
799 1644 965 1690 personis
1001 1650 1138 1679 tantum
1161 1645 1226 1679 sed
1253 1643 1351 1679 etin
1370 1644 1664 1697 rebustversatnr

164 1687 256 1767 gaec
278 1700 309 1722 r.
332 1690 368 1733 9,
393 1693 427 1734 2,
453 1692 510 1726 50.
542 1690 587 1733 cs.
617 1692 653 1736 5,
678 1693 734 1735 10,
757 1690 818 1727 47.
844 1691 1010 1738 quotiens
1036 1696 1355 1737 praeceptum
1381 1690 1512 1726 vicent
1532 1694 1663 1726 ratio

191 1759 201 1781 ,
228 1736 262 1776 1,
285 1737 343 1770 70.

212 1798 253 1846 δ)
280 1804 388 1839 Genit.
413 1806 568 1840 etDa1.:
594 1804 801 1850 prospicere
823 1804 862 1839 in
890 1805 1057 1840 dextrum
1083 1809 1119 1840 et
1143 1803 1338 1849 providere
1362 1813 1438 1838 non
1460 1801 1659 1838 rationis

164 1850 275 1882 modo
300 1851 363 1884 sed
390 1861 502 1884 usus
527 1860 671 1895 quoque
696 1857 751 1885 est
777 1855 808 1894 1,
835 1853 867 1895 1,
893 1853 950 1886 34.
983 1862 1059 1885 non
1081 1856 1219 1885 tentum
1242 1861 1308 1895 per
1330 1851 1561 1902 haecum&
1579 1854 1660 1901 sunt

165 1894 390 1939 rationis,
425 1897 489 1929 sed
517 1897 623 1931 etiam
643 1908 710 1941 per
736 1897 1091 1932 inartificialia
1117 1898 1159 1940 5,
1185 1899 1252 1940 10,
1277 1898 1334 1930 11.
1366 1896 1507 1930 mollire
1531 1895 1659 1929 cubilia

165 1947 202 1975 et
224 1941 330 1977 nidos
354 1948 479 1976 texere
505 1950 565 1977 etc.
594 1944 776 1978 nonnullis
799 1945 953 1978 fortasse
978 1955 1009 1978 r.
1031 1949 1085 1978 est
1106 1945 1141 1986 2,
1171 1943 1226 1986 16,
1253 1942 1296 1977 16
1322 1945 1365 1976 Ζ.
1408 1944 1502 1975 Itur
1525 1942 1565 1994 1²31
1589 1953 1657 1993 an·-

163 1989 332 2032 tiquam
355 1992 536 2033 silvam,
562 1999 684 2024 nonne
706 1990 873 2034 propriae
898 1990 1035 2033 cujusd.
1053 2001 1083 2026 r.
1104 1994 1157 2022 est
1176 1991 1209 2031 1,
1227 1986 1263 2032 4,
1286 1989 1344 2022 28.
1366 1988 1468 2032 cujus
1490 1997 1520 2022 r.
1543 1992 1658 2034 {gnari

161 2031 205 2075 4,
229 2037 271 2076 2,
296 2037 354 2070 29.
387 2034 500 2078 risus,
535 2046 639 2081 quem
667 2046 741 2070 non
770 2036 916 2083 ignarus
949 2034 1097 2070 rationis
1125 2035 1261 2078 populo
1279 2033 1396 2087 ‘dabat
1419 2037 1484 2074 11,
1509 2034 1555 2079 3,
1577 2033 1655 2066 180.

163 2081 542 2124 experimentum
567 2083 670 2116 velut
693 2083 825 2127 quodd.
850 2080 1074 2117 rationis
1107 2081 1351 2114 testimomum
1382 2079 1597 2133 habetur-3,
1621 2078 1656 2120 8,

161 2125 218 2160 66.
247 2126 307 2171 qui
330 2127 522 2172 plurimum
547 2127 718 2163 videntur
739 2128 889 2163 rationis
914 2129 1048 2162 habere
1066 2130 1102 2171 2,
1123 2129 1179 2170 11,
1200 2127 1244 2169 6;
1273 2137 1396 2161 eorum
1420 2131 1561 2163 rationis·
1571 2133 1657 2159 con-

159 2172 312 2249 {eniens
336 2176 378 2215 3,
408 2177 447 2208 11
464 2200 474 2217 ,
501 2177 558 2208 20.
584 2186 675 2219 quae
699 2174 729 2209 si
753 2175 833 2220 quis
856 2174 1088 2222 gravabitur,
1113 2183 1188 2207 non
1212 2171 1389 2207 rationi
1413 2169 1567 2206 defuerit
1593 2169 1657 2203 sed

173 2219 342 2257 lomini
367 2223 401 2264 1,
431 2223 464 2263 1,
495 2223 552 2255 11.
1501 2242 1506 2247 ·

208 2286 242 2330 ε)
265 2291 428 2323 Accusat.
465 2286 504 2331 a)
528 2290 674 2332 pendens
698 2301 740 2322 ex
769 2291 911 2324 Verbis.-
950 2287 1012 2333 qui
1034 2286 1212 2322 rationem
1240 2284 1657 2339 inyeniendineloquen-

161 2331 268 2376 dique
292 2346 314 2368 a
336 2334 630 2379 praeceptoribus
659 2334 838 2380 acceperit
864 2337 930 2376 10,
955 2337 998 2378 5,
1023 2334 1078 2369 19.
1109 2333 1147 2367 in
1175 2333 1316 2376 judicus
1344 2332 1573 2374 consiliisque
1599 2339 1655 2381 se-

161 2380 316 2414 cundum
343 2381 597 2418 condicionem
629 2379 742 2424 ipsius
774 2381 829 2415 rei
863 2380 1199 2414 accommodandam
1222 2390 1253 2415 r.
1277 2379 1319 2421 3,
1342 2379 1385 2430 8,
1411 2375 1481 2428 64..
1499 2386 1530 2410 1·.
1555 2374 1655 2409 adlu-

158 2423 230 2458 hita
258 2428 300 2467 2,
331 2429 395 2469 11,
421 2426 454 2461 4.
488 2428 532 2470 6,
557 2429 597 2470 3,
624 2428 680 2461 16.
718 2426 774 2461 his
804 2426 970 2460 omnibus
1001 2424 1253 2460 admiscebitur
1281 2435 1313 2476 ‚¹⁸⁶
1342 2423 1484 2458 dicendi
1506 2421 1568 2457 Pr.
1594 2421 1654 2453 23.

159 2481 250 2512 quae
275 2472 460 2508 affectatur
483 2485 512 2508 r.
540 2472 796 2509 sententiarum
821 2475 864 2517 9,
889 2475 910 2507 2
925 2499 936 2516 ,
959 2474 1019 2507 78.
1054 2483 1086 2506 r.
1111 2470 1198 2505 facti
1234 2480 1405 2522 cujusque
1437 2476 1656 2514 cognoscere

156 2513 198 2555 4.
222 2519 267 2558 2,
292 2521 347 2553 21.
382 2532 412 2553 u.
444 2519 716 2565 Cognosco.
743 2520 875 2553 debere
897 2530 927 2552 r.
955 2521 997 2561 1,
1023 2518 1065 2556 6.
1092 2516 1126 2551 4.
1163 2517 1548 2550 moderatlonem
1582 2522 1654 2545 ra-

157 2561 409 2608 tionemque
434 2565 584 2600 consilia
612 2565 815 2599 desiderant
839 2567 873 2606 3,
897 2565 933 2608 8,
952 2564 1010 2600 60.
1041 2563 1235 2599 dividenda
1257 2567 1311 2596 est
1328 2572 1362 2613 ‚¹²
1388 2569 1511 2612 eorum
1537 2558 1593 2600 11,
1618 2560 1652 2599 1,

160 2607 213 2640 ¹5·
248 2608 293 2648 cs·
321 2612 359 2652 3,
388 2612 431 2651 6.
456 2613 513 2646 55.
539 2611 707 2647 detractis
731 2611 969 2655 amplificandi
991 2609 1247 2653 minuendique
1272 2606 1468 2659 rationibus
1489 2604 1526 2644 9,
1555 2604 1590 2646 2,
1614 2604 1651 2636 3.

158 2663 205 2685 ex
230 2665 300 2698 quo
325 2655 578 2700 (incremento)
614 2657 755 2692 ducitur
779 2658 818 2691 in
848 2662 1036 2700 utramque
1059 2661 1197 2700 partem
1222 2665 1254 2687 r.
1280 2662 1334 2686 rel
1357 2650 1401 2693 5,
1426 2652 1490 2692 10,
1515 2651 1571 2682 72.
1597 2654 1651 2682 est

155 2698 321 2734 facienda
345 2712 408 2735 sua
437 2702 565 2746 cuique
598 2703 691 2748 νίς,
723 2714 807 2739 suus
830 2713 959 2746 usus,
984 2712 1048 2738 sua
1071 2700 1196 2736 ratio
1219 2702 1262 2743 7,
1287 2699 1352 2741 10,
1377 2693 1422 2730 14
1445 2696 1482 2730 S.
1508 2695 1651 2732 schema
