1728 3002
215 229 297 270 736
766 224 986 277 Quatenus
1017 252 1070 259 -
1102 209 1197 281 'Qua

213 327 449 380 QuatenuS·
509 338 548 383 1)
573 342 727 384 proprie:
764 341 848 375 satis
882 353 962 377 esse
993 342 1242 386 manifestum,
1275 353 1397 389 quae
1420 343 1508 379 mihi
1533 350 1568 380 et
1593 351 1728 390 quate

257 399 342 422 nus
369 385 503 421 musice
527 387 664 429 placeat
691 389 722 429 1,
747 389 803 430 10,
827 390 883 424 31.
909 388 983 423 ubi
1013 394 1049 423 et
1072 401 1128 434 qu
1141 396 1195 424 at.
1221 389 1449 436 recipiendus
1476 389 1523 426 sit
1546 390 1607 428 hio
1629 392 1728 426 flexu

261 436 324 476 11,
350 435 392 473 3,
417 433 473 465 60.
523 431 583 476 ΙΙ)
608 438 763 466 causale.-
808 435 863 468 Et
887 441 1005 479 quat·
1027 436 1166 470 etiam
1196 437 1291 470 forte
1315 438 1422 482 quad.
1452 437 1682 482 pervenimus
1705 450 1724 471 a

259 478 440 513 difficilius
463 478 706 513 narrationum
735 490 861 533 genus,
886 482 954 525 jam
983 482 1027 516 de
1052 481 1109 516 his
1130 483 1320 527 loquamur
1340 482 1376 527 4,
1402 487 1436 526 2,
1463 483 1510 518 66
1535 484 1584 518 N.
1606 484 1728 528 propri

257 531 377 559 tamen
409 524 496 559 mihi
522 525 628 567 huius
649 526 804 560 nominis
827 527 1061 572 exprimenda
1087 534 1213 563 natura
1236 534 1311 572 est,
1334 541 1381 575 Vq.
1413 528 1648 574 appellatione
1673 530 1728 575 ips

256 571 442 653 nonsssatis
465 571 654 617 significari
688 571 832 607 videtur
863 573 910 617 6,
942 577 984 615 2,
1022 577 1078 610 12.
1121 574 1166 617 cs:
1197 579 1245 620 2,
1274 573 1323 618 4,
1357 576 1414 611 13.
1455 577 1500 619 8,
1538 577 1582 620 3,
1615 575 1673 612 45.
1716 579 1728 612 ξ

257 621 300 662 2,
351 621 384 652 1.
953 645 957 649 f

211 673 434 725 Quaterm.
480 685 516 719 in
546 692 737 730 quaternas
753 698 895 733 quoque
913 699 955 723 ac
968 689 1093 733 'plures
1118 689 1207 724 haec
1229 687 1320 724 ratio
1342 687 1396 723 ire
1414 688 1609 723 sententias
1634 694 1728 734 potes

255 733 290 774 9,
321 734 355 773 3,
383 733 441 767 77.
465 744 612 777 quarum
641 733 822 768 materiam
847 734 886 768 in
910 736 996 769 duo
1017 746 1168 782 genera,
1201 736 1265 769 sed
1288 741 1544 780 quaternas
1569 734 1728 781 utriusqu

255 777 419 813 dividunt
447 778 585 824 species
612 778 647 822 5,
674 782 730 823 10,
755 782 813 814 33.
846 791 920 815 non
948 782 1065 816 solum
1086 781 1148 815 ubi
1173 781 1340 827 quinae
1363 781 1523 826 syllabae
1549 787 1728 816 nectuntm

256 825 320 859 sed
345 824 449 859 etiam
477 824 539 859 ubi
564 831 684 870 quat.
714 827 756 867 9,
781 825 825 870 4,
849 828 907 862 65.

212 879 438 931 Quattuor.
495 897 530 936 7,
560 897 592 937 1,
623 895 679 929 38.
711 895 747 937 9,
775 897 812 937 2,
840 897 918 929 102.
951 895 986 938 9,
1013 894 1048 937 4,
1074 895 1131 931 86.
1161 898 1219 939 12,
1243 895 1278 939 5,
1301 895 1338 931 6.
1363 897 1421 937 12,
1446 895 1504 938 10,
1526 894 1584 932 67.
1614 895 1728 942 medin

255 950 424 973 numerus
447 939 618 975 videntur
642 946 808 985 quattuor
834 942 870 984 9,
894 941 930 984 4,
958 943 1038 977 125.
1583 945 1594 948 “

211 993 576 1045 Quattuordecim.
623 1008 714 1043 sedit
737 1008 775 1043 in
804 1022 840 1054 q.
865 1009 1051 1044 ordinibus
1076 1010 1111 1053 3,
1135 1010 1171 1053 6,
1197 1010 1253 1045 18.

210 1063 319 1115 Que-
362 1077 411 1119 a)
435 1079 512 1110 bina
536 1079 700 1111 vocabula
722 1077 841 1120 iungit.
889 1075 935 1121 a)
965 1077 1140 1112 dictorum
1175 1077 1386 1122 factorumq.
1410 1078 1455 1122 9,
1481 1078 1524 1120 2,
1549 1076 1606 1112 59.
1639 1076 1728 1111 later

253 1122 377 1157 fauces
406 1148 414 1156 .
442 1125 478 1166 9,
502 1121 537 1166 4,
561 1125 617 1158 23.
643 1123 801 1157 habitum
825 1129 998 1171 gestumq.
1023 1125 1058 1166 9,
1082 1125 1117 1166 3,
1147 1125 1223 1158 100.
1257 1124 1500 1159 membrorum
1521 1121 1728 1166 incisor-um(⁴

255 1169 291 1209 9,
315 1167 350 1211 4,
373 1135 431 1203 414.
465 1181 587 1204 rerum
614 1171 900 1215 exemplommq.
925 1173 983 1214 10,
1008 1173 1041 1214 1,
1065 1169 1122 1208 34.
1147 1180 1204 1213 ap.
1227 1169 1384 1216 tragicos
1407 1169 1601 1213 comicosq.
1631 1171 1687 1212 11,
1717 1171 1728 1202 1

255 1215 312 1249 38.
344 1215 452 1249 urbes
484 1216 589 1250 etiam
621 1216 781 1261 populiq.
815 1218 856 1259 9,
881 1219 929 1260 2,
955 1218 1012 1250 31.
1059 1214 1101 1260 b)
1132 1215 1303 1251 brevibus
1326 1216 1480 1264 longisq.
1501 1215 1620 1250 mixta
1634 1215 1685 1258 ,9,
1711 1213 1728 1248 4

258 1262 336 1294 135.
364 1267 404 1294 ut
428 1281 473 1286 —
496 1273 657 1305 parum
690 1262 890 1296 studiosum
922 1262 1224 1307 devinctumque
1254 1261 1325 1296 illis
1351 1263 1492 1309 legibus
1518 1263 1581 1305 12,
1606 1262 1670 1304 10,
1695 1259 1728 1294 14

254 1317 313 1340 ne
337 1306 422 1350 quid
447 1313 653 1350 corruptum
676 1309 962 1353 obscurumque
986 1308 1032 1342 sit
1054 1309 1191 1352 (Camp.
1215 1308 1494 1350 obscurumve‚
1529 1314 1612 1351 opu.
1640 1307 1728 1342 Coela·

257 1365 319 1386 om.
348 1350 446 1396 que)
471 1353 507 1395 6,
532 1353 567 1395 5,
594 1355 617 1386 2
643 1354 687 1387 N.
718 1366 765 1391 cr.
793 1361 824 1387 et
848 1356 884 1388 S.
917 1354 1058 1388 facilius
1091 1354 1129 1388 in
1162 1353 1206 1387 iis
1237 1354 1468 1400 simpliciusq.
1493 1352 1664 1398 judicium
1691 1354 1728 1387 1(

254 1396 290 1440 4,
318 1400 350 1432 1.
377 1399 509 1433 multae
532 1398 571 1432 in
595 1409 639 1432 eo
669 1400 821 1444 claraeq.
847 1399 1045 1434 sententiae
1071 1402 1133 1442 10,
1163 1402 1206 1442 1,
1233 1401 1312 1436 129.
1343 1400 1374 1434 si
1397 1402 1477 1445 quis
1499 1409 1608 1435 unam
1630 1398 1728 1432 maxi

253 1455 383 1489 mamq.
410 1456 430 1478 a
453 1456 512 1479 me
536 1450 648 1478 artem
670 1445 864 1480 memoriae
891 1451 1038 1490 quaerat
1062 1447 1127 1488 11,
1159 1447 1204 1488 2,
1230 1443 1288 1480 40.
1321 1446 1451 1480 Graeci
1485 1443 1641 1489 Latiniq.
1666 1455 1728 1478 ora

252 1495 349 1524 tores
372 1491 416 1533 9,
443 1489 478 1534 4,
502 1491 560 1525 26.
595 1491 709 1525 nostri
734 1491 899 1536 Graeciq.
924 1490 1100 1525 sermonis
1124 1492 1167 1524 ib.
1195 1489 1275 1526 146.
1324 1490 1364 1536 c)
1387 1503 1469 1530 cum
1496 1491 1609 1527 verba
1635 1490 1728 1525 inter

252 1535 371 1570 cidant
393 1536 650 1582 invalescantq.
677 1540 733 1581 10,
756 1540 790 1580 2,
818 1540 874 1573 13.
908 1538 979 1582 jam
1006 1536 1177 1582 perfectis
1207 1536 1444 1583 constitutisq.
1468 1537 1606 1574 viribus
1630 1539 1688 1580 10,
1714 1538 1728 1570 1

255 1583 312 1617 57.
343 1594 447 1617 aures
486 1583 692 1617 continuam
724 1594 853 1619 vocem
880 1590 1022 1618 secutae
1036 1610 1046 1627 ,
1076 1584 1238 1628 ductaeq.
1264 1585 1365 1619 velut
1388 1594 1505 1629 prono
1527 1581 1728 1618 decus-renti

255 1628 429 1663 orationis
446 1629 591 1664 flumine
614 1630 650 1672 9,
673 1629 708 1672 4,
732 1630 789 1668 61.
817 1629 982 1664 cludendi
1002 1629 1233 1674 inchoandiq.
1256 1624 1451 1666 Sententias
1477 1631 1520 1664 ib.
1542 1630 1599 1664 18.
1624 1639 1728 1663 emen

255 1675 363 1709 dandi
386 1674 475 1711 vitia
499 1676 736 1722 corrigendiq.
761 1686 882 1710 mores
908 1679 970 1717 12,
995 1677 1038 1718 7,
1063 1679 1096 1710 2.
1130 1675 1214 1720 quid
1237 1675 1276 1710 in
1299 1687 1441 1721 quaque
1464 1687 1504 1711 re
1528 1674 1688 1720 sequend
1716 1715 1722 1719 ,

255 1723 492 1767 cavendumq,
527 1722 573 1759 sit
604 1722 786 1766 (Turio.
814 1735 837 1755 a
861 1735 912 1767 pr.
941 1736 984 1756 m.
1011 1735 1073 1755 om.
1099 1720 1263 1766 que).6‚
1289 1724 1332 1766 5,
1355 1725 1380 1756 2
1404 1723 1452 1758 Ν.
1498 1721 1565 1767 β),
1630 1728 1644 1754 1

256 1768 435 1812 conjungit.
486 1767 532 1810 a)
557 1771 590 1802 in
618 1771 783 1802 transitu.-
818 1769 929 1814 quue
956 1768 1148 1812 praecipue
1178 1768 1410 1803 obtinendum
1436 1780 1456 1802 a
1477 1779 1527 1813 pu
1616 1768 1690 1809 11,

253 1813 311 1849 45.
357 1827 388 1849 υ.
413 1815 468 1848 Is.
516 1815 684 1859 Eademq.
709 1814 854 1849 musicis
884 1814 977 1849 ratio
1002 1820 1057 1849 est
1082 1817 1145 1858 12,
1173 1816 1238 1857 10,
1261 1815 1318 1850 68.
1354 1827 1387 1851 m
1413 1814 1556 1853 Idem.
1594 1811 1690 1860 Prim

254 1861 345 1895 haec
370 1861 549 1904 expositio
580 1861 647 1894 fait
675 1863 741 1904 11,
772 1865 803 1904 1,
828 1862 886 1896 63.
935 1859 976 1904 b)
1007 1873 1144 1906 sequens
1171 1863 1347 1895 membrum
1372 1863 1537 1895 annectit.-
1576 1864 1625 1905 nso

254 1918 362 1993 {9¹³3ss
393 1907 528 1988 ¹3ss⁰&
547 1907 670 1988 25³3&
687 1908 775 1997 ‘¹2⁰5
771 1913 857 1998 :5221
870 1902 1642 1998 ἿῖἔιίἓξὲξἙο.ῗ’ἒξὲὶ”ἔὲ.αἶῖῗῗέζ“ἒ.ῗὲὲέ
1651 1930 1706 1994 'ag

255 2002 312 2033 11.
350 1998 396 2040 cs.
420 2003 476 2042 12,
501 1980 539 2043 6,,
559 1980 600 2034 4.,
625 2000 796 2044 nihilq.
823 2010 950 2033 eorum
973 1999 1047 2043 pati
1069 2011 1179 2042 unum
1202 1998 1263 2032 diu
1286 2010 1474 2044 possumus
1495 2001 1551 2040 11,
1574 1999 1610 2040 3,
1633 1995 1703 2031 44.

255 2045 334 2088 quis
357 2056 486 2090 corpus
506 2057 609 2080 suum
632 2046 768 2080 inculto
793 2047 875 2080 loco
893 2045 980 2090 poni
1004 2046 1137 2087 jubeat,
1163 2044 1339 2090 circaq.
1366 2049 1633 2080 monumentum

257 2097 329 2124 tum
356 2092 432 2138 agri
455 2093 550 2139 leget
578 2096 612 2135 7,
640 2095 674 2135 9,
702 2095 736 2127 5.
763 2104 819 2136 ap.
845 2093 941 2125 hunc
971 2097 1007 2125 et
1029 2091 1142 2136 patria
1164 2091 1241 2135 ipsa
1264 2091 1502 2132 exclamabit,
1529 2089 1693 2134 aliqua

254 2138 359 2181 doq.
404 2137 615 2173 Ciceronem
641 2138 677 2172 in
702 2139 866 2172 oratione
889 2143 1014 2172 contra
1041 2136 1226 2171 Catilinam
1253 2137 1292 2172 in
1315 2143 1441 2172 senatu
1462 2137 1663 2189 alloquetur

255 2185 320 2225 10,
344 2184 401 2218 61.
436 2195 560 2228 parum
590 2184 710 2219 decori
737 2190 818 2218 sunt
846 2183 1008 2228 plerique
1035 2183 1207 2218 orationis
1235 2190 1398 2225 ornatus,
1436 2183 1674 2226 maximeq-

255 2229 438 2263 affectibus
468 2234 531 2273 11,
569 2233 586 2264 1
601 2257 611 2274 ,
643 2233 701 2265 33.
734 2229 954 2275 optimeq.
982 2229 1126 2263 habebit
1150 2235 1233 2264 ante
1256 2241 1296 2264 se
1320 2231 1506 2263 molosson
1527 2229 1572 2271 9,
1595 2226 1640 2269 4,

254 2287 314 2308 vu
329 2277 370 2322 lg
382 2286 448 2320 oq.
474 2278 582 2321 paulo
607 2276 831 2310 numerosius
857 2286 947 2320 opus
971 2275 1100 2309 dicitur
1120 2282 1407 2322 argumentosum
1427 2276 1465 2316 ’5,
1491 2276 1548 2317 10,
1573 2275 1627 2308 10.
1653 2282 1678 2322 s,

255 2321 331 2363 ejus
354 2322 468 2368 gentis
492 2328 684 2357 amatorem
715 2333 794 2356 esse
819 2322 1004 2366 profitetur
1031 2324 1094 2363 11,
1121 2324 1153 2364 1,
1179 2322 1235 2357 89.
1258 2321 1354 2366 iiq.,
1383 2320 1413 2355 si
1436 2325 1653 2355 nonvternas

252 2368 351 2400 labas
376 2369 567 2412 habebunt,
596 2368 782 2413 repetendi
805 2374 910 2402 erunt
934 2369 969 2408 9,
992 2367 1027 2410 4,
1051 2368 1108 2403 95.
1132 2367 1180 2401 in
1205 2377 1258 2402 eo
1272 2378 1360 2412 que
1383 2366 1562 2401 vincimur
1586 2365 1681 2414 solo,⁴

256 2415 312 2456 10,
338 2415 395 2449 38.
422 2414 460 2448 ἱιι
486 2427 555 2449 una
578 2426 618 2450 re
639 2417 797 2458 haereat,
819 2414 866 2448 in
894 2414 1112 2458 eademque
1139 2419 1378 2448 commoretur
1401 2411 1578 2455 sententia
1602 2408 1682 2453 cia}

255 2461 289 2501 1,
317 2458 359 2493 41
391 2464 433 2494 Ζ.
467 2460 633 2497 invenire
653 2461 810 2506 primum
836 2460 917 2503 fuit,
941 2465 1062 2503 estq.
1090 2459 1318 2506 praecipuum
1343 2462 1411 2503 10,
1435 2462 1478 2503 2,
1503 2461 1535 2492 1.
1561 2455 1606 2498 cfi
1659 2503 1663 2507 .

256 2505 311 2539 85.
336 2506 370 2546 9,
394 2505 430 2548 4,
454 2506 512 2541 74.
539 2510 594 2550 11,
619 2510 652 2550 2,
679 2510 711 2542 1.
739 2519 820 2540 cum
844 2525 890 2531 --
909 2516 982 2539 non
1006 2505 1100 2540 idem
1125 2518 1180 2550 ap.
1206 2516 1335 2553 graves
1362 2505 1483 2547 viros,
1510 2503 1607 2548 quod
1635 2536 1670 2555 .-.·

256 2561 327 2592 res,
357 2562 430 2584 non
454 2552 548 2587 idem
573 2565 629 2597 ap.
653 2553 848 2595 eruditum,
876 2553 971 2596 quod
991 2551 1177 2585 militarem
1203 2564 1244 2586 ac
1269 2551 1441 2586 rusticum
1465 2551 1610 2592 deceat,
1628 2553 1671 2582 'n

256 2605 509 2641 nonnunquam
534 2599 784 2633 summittenda
807 2607 854 2633 et
879 2598 1123 2632 contrahenda
1147 2597 1259 2632 oratio
1281 2601 1338 2641 11,
1365 2601 1398 2640 1,
1421 2597 1478 2630 45.
1526 2591 1567 2638 ὃν)
1588 2594 1654 2643 ,qui

256 2643 390 2674 verbum
416 2648 576 2678 annectit:
615 2645 706 2679 sicut
731 2643 927 2686 Caecilius,
951 2643 1171 2688 Dionysius,
1206 2644 1377 2687 Rutilius,
1410 2637 1643 2690 Cornificius,

256 2685 376 2719 sellius
401 2688 529 2733 aliiq.
556 2701 629 2724 non
656 2691 760 2734 pauci
790 2693 834 2733 9,
861 2692 903 2732 3,
931 2691 987 2725 89.
1032 2691 1110 2723 Jam
1135 2689 1406 2730 similitudines,
1435 2684 1639 2734 amplificatl

256 2733 446 2775 exempla,
474 2735 676 2781 digressus,
707 2736 807 2782 signa
831 2747 952 2769 rerum
989 2740 1025 2768 et
1052 2741 1288 2781 argumenta,
1318 2739 1528 2775 oeten-aq.
1566 2740 1632 2774 pro
1655 2771 1657 2773 ¹

256 2786 297 2808 ac
329 2777 507 2812 refutandi
542 2787 623 2814 sunt
654 2784 719 2824 10,
755 2786 795 2823 1,
828 2780 874 2815 49
897 2785 940 2815 Z.
987 2791 1034 2814 ne
1058 2780 1172 2814 verba
1194 2780 1336 2824 quidem
1353 2775 1494 2819 verbis,
1519 2781 1579 2810 aut
1595 2787 1620 2810 n

258 2822 481 2867 nominibus,
509 2825 729 2870 similiaq.
759 2827 814 2859 his
836 2826 1035 2860 continuari
1068 2827 1169 2858 decet
1193 2826 1227 2868 9,
1253 2823 1290 2866 4,
1314 2823 1380 2867 43;
1407 2821 1537 2866 Laelii,
1565 2821 1596 2855 A
1647 2863 1650 2866 .

1719 2725 1728 2903 nnn-a..
1720 2661 1728 2696 «Δ
