<?xml version="1.0" encoding="UTF-8"?>
<!DOCTYPE html PUBLIC "-//W3C//DTD XHTML 1.0 Transitional//EN"
    "http://www.w3.org/TR/xhtml1/DTD/xhtml1-transitional.dtd">
<html xmlns="http://www.w3.org/1999/xhtml" xml:lang="en" lang="en">
 <head>
  <title>
</title>
<meta http-equiv="Content-Type" content="text/html;charset=utf-8" />
  <meta name='ocr-system' content='tesseract 3.04.00' />
  <meta name='ocr-capabilities' content='ocr_page ocr_carea ocr_par ocr_line ocrx_word'/>
</head>
<body>
  <div class='ocr_page' id='page_1' title='image "./lexiconquintilia06bonnuoft_0282.png"; bbox 0 0 1728 3002; ppageno 0'>
   <div class='ocr_carea' id='block_1_1' title="bbox 169 242 1240 294">
    <p class='ocr_par' dir='ltr' id='par_1_1' title="bbox 169 242 1240 294">
     <span class='ocr_line' id='line_1_1' title="bbox 169 242 1240 294; baseline 0.01 -12"><span class='ocrx_word' id='word_1_1' title='bbox 169 243 250 283; x_wconf 70' lang='grc'><strong>190</strong></span> <span class='ocrx_word' id='word_1_2' title='bbox 631 242 824 289; x_wconf 73' lang='lat' dir='ltr'><strong>Creticus</strong></span> <span class='ocrx_word' id='word_1_3' title='bbox 855 271 910 282; x_wconf 85' lang='lat'><strong>—·-</strong></span> <span class='ocrx_word' id='word_1_4' title='bbox 941 243 1240 294; x_wconf 73' lang='lat' dir='ltr'><strong>crocodilinae</strong></span> 
     </span>
    </p>
   </div>
   <div class='ocr_carea' id='block_1_2' title="bbox 209 357 1728 775">
    <p class='ocr_par' dir='ltr' id='par_1_2' title="bbox 209 357 1728 775">
     <span class='ocr_line' id='line_1_2' title="bbox 212 357 1711 414; baseline 0.007 -21"><span class='ocrx_word' id='word_1_5' title='bbox 212 357 350 402; x_wconf 81' lang='lat' dir='ltr'><strong>citatis,</strong></span> <span class='ocrx_word' id='word_1_6' title='bbox 392 363 433 395; x_wconf 87' lang='lat' dir='ltr'><strong>ut</strong></span> <span class='ocrx_word' id='word_1_7' title='bbox 467 370 564 396; x_wconf 83' lang='lat' dir='ltr'><strong>nuno</strong></span> <span class='ocrx_word' id='word_1_8' title='bbox 595 360 736 396; x_wconf 88' lang='lat' dir='ltr'><strong>demum</strong></span> <span class='ocrx_word' id='word_1_9' title='bbox 769 360 858 397; x_wconf 80' lang='lat' dir='ltr'><strong>nihil</strong></span> <span class='ocrx_word' id='word_1_10' title='bbox 893 369 1032 399; x_wconf 83' lang='lat' dir='ltr'><strong>crescat</strong></span> <span class='ocrx_word' id='word_1_11' title='bbox 1064 367 1125 409; x_wconf 94' lang='grc'><strong>10,</strong></span> <span class='ocrx_word' id='word_1_12' title='bbox 1158 366 1204 408; x_wconf 83' lang='grc'><strong>2,</strong></span> <span class='ocrx_word' id='word_1_13' title='bbox 1235 364 1271 403; x_wconf 87' lang='grc'><strong>8.</strong></span> <span class='ocrx_word' id='word_1_14' title='bbox 1327 363 1373 413; x_wconf 69' lang='grc' dir='ltr'><strong>β)</strong></span> <span class='ocrx_word' id='word_1_15' title='bbox 1403 366 1477 414; x_wconf 71' lang='lat' dir='ltr'><strong>adj.</strong></span> <span class='ocrx_word' id='word_1_16' title='bbox 1503 369 1621 403; x_wconf 73' lang='lat' dir='ltr'><strong>Ablat.</strong></span> <span class='ocrx_word' id='word_1_17' title='bbox 1651 375 1711 404; x_wconf 68' lang='lat' dir='ltr'><strong>met</strong></span> 
     </span>
     <span class='ocr_line' id='line_1_3' title="bbox 213 408 1711 458; baseline 0.006 -18"><span class='ocrx_word' id='word_1_18' title='bbox 213 410 399 450; x_wconf 48' lang='lat' dir='ltr'><strong>Praeposa</strong></span> <span class='ocrx_word' id='word_1_19' title='bbox 435 408 541 442; x_wconf 88' lang='lat' dir='ltr'><strong>laude</strong></span> <span class='ocrx_word' id='word_1_20' title='bbox 565 408 743 444; x_wconf 87' lang='lat' dir='ltr'><strong>crescit</strong></span> <span class='ocrx_word' id='word_1_21' title='bbox 765 408 930 454; x_wconf 76' lang='lat' dir='ltr'><strong>(animus)</strong></span> <span class='ocrx_word' id='word_1_22' title='bbox 954 413 998 454; x_wconf 87' lang='lat'><strong>1,</strong></span> <span class='ocrx_word' id='word_1_23' title='bbox 1021 413 1066 456; x_wconf 91' lang='lat'><strong>2,</strong></span> <span class='ocrx_word' id='word_1_24' title='bbox 1094 413 1152 446; x_wconf 89' lang='grc'><strong>30.</strong></span> <span class='ocrx_word' id='word_1_25' title='bbox 1188 423 1222 445; x_wconf 80' lang='lat' dir='ltr'><strong>v.</strong></span> <span class='ocrx_word' id='word_1_26' title='bbox 1250 409 1422 458; x_wconf 83' lang='lat' dir='ltr'><strong>Augeo.</strong></span> <span class='ocrx_word' id='word_1_27' title='bbox 1467 413 1558 448; x_wconf 76' lang='lat' dir='ltr'><strong>nihil</strong></span> <span class='ocrx_word' id='word_1_28' title='bbox 1581 415 1711 449; x_wconf 71' lang='lat' dir='ltr'><strong>crescit</strong></span> 
     </span>
     <span class='ocr_line' id='line_1_4' title="bbox 211 452 1728 503; baseline 0.006 -17"><span class='ocrx_word' id='word_1_29' title='bbox 211 454 289 487; x_wconf 84' lang='lat' dir='ltr'><strong>sola</strong></span> <span class='ocrx_word' id='word_1_30' title='bbox 322 452 519 488; x_wconf 76' lang='lat' dir='ltr'><strong>imitatione</strong></span> <span class='ocrx_word' id='word_1_31' title='bbox 553 456 619 497; x_wconf 91' lang='grc'><strong>10,</strong></span> <span class='ocrx_word' id='word_1_32' title='bbox 653 457 694 498; x_wconf 87' lang='grc'><strong>2,</strong></span> <span class='ocrx_word' id='word_1_33' title='bbox 727 456 762 489; x_wconf 88' lang='grc'><strong>8.</strong></span> <span class='ocrx_word' id='word_1_34' title='bbox 810 455 901 490; x_wconf 86' lang='lat' dir='ltr'><strong>haeo</strong></span> <span class='ocrx_word' id='word_1_35' title='bbox 935 455 1095 502; x_wconf 75' lang='lat' dir='ltr'><strong>(figura)</strong></span> <span class='ocrx_word' id='word_1_36' title='bbox 1127 456 1235 491; x_wconf 78' lang='lat' dir='ltr'><strong>etiam</strong></span> <span class='ocrx_word' id='word_1_37' title='bbox 1266 468 1431 492; x_wconf 83' lang='lat' dir='ltr'><strong>crescere</strong></span> <span class='ocrx_word' id='word_1_38' title='bbox 1463 460 1555 495; x_wconf 80' lang='lat' dir='ltr'><strong>solet</strong></span> <span class='ocrx_word' id='word_1_39' title='bbox 1585 460 1728 503; x_wconf 59' lang='lat' dir='ltr'><strong>verbisi</strong></span> 
     </span>
     <span class='ocr_line' id='line_1_5' title="bbox 211 498 1728 552; baseline 0.005 -19"><span class='ocrx_word' id='word_1_40' title='bbox 211 498 375 547; x_wconf 88' lang='lat' dir='ltr'><strong>omnibus</strong></span> <span class='ocrx_word' id='word_1_41' title='bbox 402 500 508 534; x_wconf 86' lang='lat' dir='ltr'><strong>altius</strong></span> <span class='ocrx_word' id='word_1_42' title='bbox 532 506 638 545; x_wconf 80' lang='lat' dir='ltr'><strong>atque</strong></span> <span class='ocrx_word' id='word_1_43' title='bbox 667 500 771 534; x_wconf 86' lang='lat' dir='ltr'><strong>altius</strong></span> <span class='ocrx_word' id='word_1_44' title='bbox 794 500 1058 549; x_wconf 78' lang='lat' dir='ltr'><strong>insurgentibus</strong></span> <span class='ocrx_word' id='word_1_45' title='bbox 1084 504 1127 547; x_wconf 87' lang='grc'><strong>8,</strong></span> <span class='ocrx_word' id='word_1_46' title='bbox 1151 502 1193 547; x_wconf 87' lang='grc'><strong>4,</strong></span> <span class='ocrx_word' id='word_1_47' title='bbox 1219 506 1276 538; x_wconf 97' lang='grc'><strong>27.</strong></span> <span class='ocrx_word' id='word_1_48' title='bbox 1317 503 1449 539; x_wconf 86' lang='lat' dir='ltr'><strong>crescit</strong></span> <span class='ocrx_word' id='word_1_49' title='bbox 1469 502 1613 544; x_wconf 74' lang='lat' dir='ltr'><strong>interim</strong></span> <span class='ocrx_word' id='word_1_50' title='bbox 1634 507 1728 552; x_wconf 54' lang='lat' dir='ltr'><strong>&amp;ny-¹</strong></span> 
     </span>
     <span class='ocr_line' id='line_1_6' title="bbox 211 545 1711 595; baseline 0.005 -16"><span class='ocrx_word' id='word_1_51' title='bbox 211 547 360 590; x_wconf 76' lang='lat' dir='ltr'><strong>perbole</strong></span> <span class='ocrx_word' id='word_1_52' title='bbox 389 545 459 580; x_wconf 86' lang='lat' dir='ltr'><strong>alia</strong></span> <span class='ocrx_word' id='word_1_53' title='bbox 482 546 630 590; x_wconf 84' lang='lat' dir='ltr'><strong>insuper</strong></span> <span class='ocrx_word' id='word_1_54' title='bbox 656 547 774 581; x_wconf 83' lang='lat' dir='ltr'><strong>addita</strong></span> <span class='ocrx_word' id='word_1_55' title='bbox 798 548 844 590; x_wconf 89' lang='grc'><strong>8,</strong></span> <span class='ocrx_word' id='word_1_56' title='bbox 872 549 918 592; x_wconf 92' lang='grc'><strong>6,</strong></span> <span class='ocrx_word' id='word_1_57' title='bbox 945 551 1001 584; x_wconf 87' lang='grc'><strong>70.</strong></span> <span class='ocrx_word' id='word_1_58' title='bbox 1047 555 1087 584; x_wconf 86' lang='lat' dir='ltr'><strong>ut</strong></span> <span class='ocrx_word' id='word_1_59' title='bbox 1119 545 1246 584; x_wconf 83' lang='lat' dir='ltr'><strong>animis</strong></span> <span class='ocrx_word' id='word_1_60' title='bbox 1275 556 1440 584; x_wconf 77' lang='lat' dir='ltr'>crescant</span> <span class='ocrx_word' id='word_1_61' title='bbox 1469 549 1642 594; x_wconf 80' lang='lat' dir='ltr'><strong>(infirma)</strong></span> <span class='ocrx_word' id='word_1_62' title='bbox 1674 553 1711 595; x_wconf 84' lang='lat'><strong>5,</strong></span> 
     </span>
     <span class='ocr_line' id='line_1_7' title="bbox 212 591 1710 636; baseline 0.004 -10"><span class='ocrx_word' id='word_1_63' title='bbox 212 595 269 635; x_wconf 82' lang='lat'><strong>12,</strong></span> <span class='ocrx_word' id='word_1_64' title='bbox 297 591 352 626; x_wconf 89' lang='grc'><strong>14.</strong></span> <span class='ocrx_word' id='word_1_65' title='bbox 387 605 421 627; x_wconf 80' lang='lat' dir='ltr'><strong>v.</strong></span> <span class='ocrx_word' id='word_1_66' title='bbox 445 593 651 627; x_wconf 86' lang='lat' dir='ltr'><strong>Animus.</strong></span> <span class='ocrx_word' id='word_1_67' title='bbox 677 594 704 636; x_wconf 95' lang='lat'><strong>1,</strong></span> <span class='ocrx_word' id='word_1_68' title='bbox 731 594 760 634; x_wconf 86' lang='grc' dir='ltr'><strong>ζ.</strong></span> <span class='ocrx_word' id='word_1_69' title='bbox 794 605 890 628; x_wconf 90' lang='lat' dir='ltr'><strong>cum</strong></span> <span class='ocrx_word' id='word_1_70' title='bbox 913 596 1045 630; x_wconf 86' lang='lat' dir='ltr'><strong>robore</strong></span> <span class='ocrx_word' id='word_1_71' title='bbox 1072 595 1232 630; x_wconf 83' lang='lat' dir='ltr'><strong>discendi</strong></span> <span class='ocrx_word' id='word_1_72' title='bbox 1261 600 1400 630; x_wconf 78' lang='lat' dir='ltr'><strong>crescet</strong></span> <span class='ocrx_word' id='word_1_73' title='bbox 1425 596 1533 631; x_wconf 80' lang='lat' dir='ltr'><strong>etiam</strong></span> <span class='ocrx_word' id='word_1_74' title='bbox 1555 597 1710 632; x_wconf 78' lang='lat' dir='ltr'><strong>eruditio</strong></span> 
     </span>
     <span class='ocr_line' id='line_1_8' title="bbox 209 637 1713 691; baseline 0.005 -19"><span class='ocrx_word' id='word_1_75' title='bbox 209 639 254 681; x_wconf 88' lang='grc'><strong>8,</strong></span> <span class='ocrx_word' id='word_1_76' title='bbox 279 639 335 672; x_wconf 89' lang='lat' dir='ltr'><strong>Pr.</strong></span> <span class='ocrx_word' id='word_1_77' title='bbox 355 637 390 672; x_wconf 91' lang='lat'><strong>4.</strong></span> <span class='ocrx_word' id='word_1_78' title='bbox 419 640 596 684; x_wconf 40' lang='lat' dir='ltr'><strong>‚atrocitas</strong></span> <span class='ocrx_word' id='word_1_79' title='bbox 620 639 750 674; x_wconf 81' lang='lat' dir='ltr'><strong>crescit</strong></span> <span class='ocrx_word' id='word_1_80' title='bbox 776 651 835 674; x_wconf 84' lang='lat' dir='ltr'><strong>ex</strong></span> <span class='ocrx_word' id='word_1_81' title='bbox 852 639 919 675; x_wconf 38' lang='lat' dir='ltr'><strong>*his</strong></span> <span class='ocrx_word' id='word_1_82' title='bbox 943 642 990 685; x_wconf 89' lang='grc'><strong>6,</strong></span> <span class='ocrx_word' id='word_1_83' title='bbox 1017 644 1034 675; x_wconf 94' lang='grc'><strong>1</strong></span> <span class='ocrx_word' id='word_1_84' title='bbox 1049 667 1061 685; x_wconf 90' lang='grc'><strong>,</strong></span> <span class='ocrx_word' id='word_1_85' title='bbox 1086 644 1143 678; x_wconf 88' lang='grc'><strong>15.</strong></span> <span class='ocrx_word' id='word_1_86' title='bbox 1179 653 1201 676; x_wconf 86' lang='lat' dir='ltr'><strong>a</strong></span> <span class='ocrx_word' id='word_1_87' title='bbox 1224 642 1394 677; x_wconf 85' lang='lat' dir='ltr'><strong>brevibus</strong></span> <span class='ocrx_word' id='word_1_88' title='bbox 1416 642 1464 677; x_wconf 88' lang='lat' dir='ltr'><strong>in</strong></span> <span class='ocrx_word' id='word_1_89' title='bbox 1488 644 1616 691; x_wconf 80' lang='lat' dir='ltr'><strong>longas</strong></span> <span class='ocrx_word' id='word_1_90' title='bbox 1642 643 1713 679; x_wconf 88' lang='lat' dir='ltr'><strong>ni-</strong></span> 
     </span>
     <span class='ocr_line' id='line_1_9' title="bbox 209 684 1728 767; baseline 0.004 -49"><span class='ocrx_word' id='word_1_91' title='bbox 209 690 370 766; x_wconf 56' lang='lat' dir='ltr'><strong>tuntugr</strong></span> <span class='ocrx_word' id='word_1_92' title='bbox 394 690 434 766; x_wconf 56' lang='lat' dir='ltr'><strong>gt</strong></span> <span class='ocrx_word' id='word_1_93' title='bbox 457 691 680 767; x_wconf 58' lang='lat' dir='ltr'><strong>cgescunt</strong></span> <span class='ocrx_word' id='word_1_94' title='bbox 704 684 835 731; x_wconf 74' lang='lat' dir='ltr'><strong>(iambi)</strong></span> <span class='ocrx_word' id='word_1_95' title='bbox 859 687 896 731; x_wconf 87' lang='lat'><strong>9,</strong></span> <span class='ocrx_word' id='word_1_96' title='bbox 919 685 956 732; x_wconf 88' lang='lat'><strong>4,</strong></span> <span class='ocrx_word' id='word_1_97' title='bbox 981 688 1063 723; x_wconf 85' lang='lat'><strong>136.</strong></span> <span class='ocrx_word' id='word_1_98' title='bbox 1100 688 1199 735; x_wconf 84' lang='lat' dir='ltr'><strong>quod</strong></span> <span class='ocrx_word' id='word_1_99' title='bbox 1220 689 1330 732; x_wconf 80' lang='lat'><strong>1009,</strong></span> <span class='ocrx_word' id='word_1_100' title='bbox 1359 687 1404 723; x_wconf 87' lang='lat' dir='ltr'><strong>in</strong></span> <span class='ocrx_word' id='word_1_101' title='bbox 1427 700 1535 736; x_wconf 82' lang='lat' dir='ltr'><strong>quem</strong></span> <span class='ocrx_word' id='word_1_102' title='bbox 1559 695 1728 734; x_wconf 71' lang='lat' dir='ltr'><strong>crescat.-</strong></span> 
     </span>
     <span class='ocr_line' id='line_1_10' title="bbox 211 735 511 775; baseline 0.003 -10"><span class='ocrx_word' id='word_1_103' title='bbox 211 737 309 765; x_wconf 85' lang='lat' dir='ltr'><strong>caret</strong></span> <span class='ocrx_word' id='word_1_104' title='bbox 359 758 369 774; x_wconf 95' lang='lat'><strong>,</strong></span> <span class='ocrx_word' id='word_1_105' title='bbox 418 758 428 775; x_wconf 97' lang='lat'><strong>,</strong></span> <span class='ocrx_word' id='word_1_106' title='bbox 454 735 477 766; x_wconf 89' lang='lat'><strong>2</strong></span> <span class='ocrx_word' id='word_1_107' title='bbox 504 757 511 766; x_wconf 96' lang='lat'><strong>.</strong></span> 
     </span>
    </p>
   </div>
   <div class='ocr_carea' id='block_1_3' title="bbox 164 774 1713 880">
    <p class='ocr_par' dir='ltr' id='par_1_3' title="bbox 164 774 1713 880">
     <span class='ocr_line' id='line_1_11' title="bbox 164 774 1713 837; baseline 0.007 -19"><span class='ocrx_word' id='word_1_108' title='bbox 164 774 376 818; x_wconf 82' lang='lat' dir='ltr'><strong>Creticus.</strong></span> <span class='ocrx_word' id='word_1_109' title='bbox 411 789 453 831; x_wconf 82' lang='lat'><strong>9,</strong></span> <span class='ocrx_word' id='word_1_110' title='bbox 477 788 520 831; x_wconf 88' lang='grc'>4,</span> <span class='ocrx_word' id='word_1_111' title='bbox 544 789 601 824; x_wconf 85' lang='grc'><strong>97.</strong></span> <span class='ocrx_word' id='word_1_112' title='bbox 628 785 706 823; x_wconf 84' lang='grc'><strong>104.</strong></span> <span class='ocrx_word' id='word_1_113' title='bbox 746 807 792 814; x_wconf 89' lang='grc'>-</span> <span class='ocrx_word' id='word_1_114' title='bbox 815 795 852 824; x_wconf 85' lang='lat' dir='ltr'><strong>et</strong></span> <span class='ocrx_word' id='word_1_115' title='bbox 873 789 984 826; x_wconf 79' lang='lat' dir='ltr'><strong>initiis</strong></span> <span class='ocrx_word' id='word_1_116' title='bbox 1008 789 1165 836; x_wconf 81' lang='lat' dir='ltr'><strong>optimus</strong></span> <span class='ocrx_word' id='word_1_117' title='bbox 1195 795 1232 826; x_wconf 84' lang='lat' dir='ltr'><strong>et</strong></span> <span class='ocrx_word' id='word_1_118' title='bbox 1253 787 1424 837; x_wconf 75' lang='lat' dir='ltr'><strong>clausulis</strong></span> <span class='ocrx_word' id='word_1_119' title='bbox 1449 793 1495 827; x_wconf 75' lang='lat' dir='ltr'><strong>ib.</strong></span> <span class='ocrx_word' id='word_1_120' title='bbox 1521 794 1601 828; x_wconf 89' lang='lat'><strong>107.</strong></span> <span class='ocrx_word' id='word_1_121' title='bbox 1634 790 1713 828; x_wconf 75' lang='lat' dir='ltr'><strong>fre-</strong></span> 
     </span>
     <span class='ocr_line' id='line_1_12' title="bbox 210 834 1312 880; baseline 0.006 -13"><span class='ocrx_word' id='word_1_122' title='bbox 210 835 377 880; x_wconf 79' lang='lat' dir='ltr'><strong>quentius</strong></span> <span class='ocrx_word' id='word_1_123' title='bbox 400 836 477 879; x_wconf 84' lang='lat' dir='ltr'><strong>ejus</strong></span> <span class='ocrx_word' id='word_1_124' title='bbox 503 834 748 880; x_wconf 65' lang='lat' dir='ltr'><strong>(amphirnpcri)</strong></span> <span class='ocrx_word' id='word_1_125' title='bbox 773 846 906 872; x_wconf 85' lang='lat' dir='ltr'><strong>nomen</strong></span> <span class='ocrx_word' id='word_1_126' title='bbox 929 843 983 872; x_wconf 81' lang='lat' dir='ltr'><strong>est</strong></span> <span class='ocrx_word' id='word_1_127' title='bbox 1006 838 1162 872; x_wconf 84' lang='lat' dir='ltr'><strong>creticus</strong></span> <span class='ocrx_word' id='word_1_128' title='bbox 1185 839 1229 873; x_wconf 75' lang='lat' dir='ltr'><strong>ib.</strong></span> <span class='ocrx_word' id='word_1_129' title='bbox 1253 840 1312 874; x_wconf 72' lang='lat'><strong>61.</strong></span> 
     </span>
    </p>
   </div>
   <div class='ocr_carea' id='block_1_4' title="bbox 165 889 1728 2524">
    <p class='ocr_par' dir='ltr' id='par_1_4' title="bbox 165 889 1728 2524">
     <span class='ocr_line' id='line_1_13' title="bbox 165 889 1713 950; baseline 0.005 -17"><span class='ocrx_word' id='word_1_130' title='bbox 165 889 356 934; x_wconf 86' lang='lat' dir='ltr'><strong>Crimen.</strong></span> <span class='ocrx_word' id='word_1_131' title='bbox 403 903 446 949; x_wconf 81' lang='grc' dir='ltr'><strong>α)</strong></span> <span class='ocrx_word' id='word_1_132' title='bbox 472 905 664 938; x_wconf 79' lang='lat' dir='ltr'><strong>Nominat..·</strong></span> <span class='ocrx_word' id='word_1_133' title='bbox 694 898 790 950; x_wconf 71' lang='lat' dir='ltr'><strong>qud&#39;d</strong></span> <span class='ocrx_word' id='word_1_134' title='bbox 813 904 910 940; x_wconf 91' lang='lat' dir='ltr'><strong>enim</strong></span> <span class='ocrx_word' id='word_1_135' title='bbox 932 910 1070 940; x_wconf 82' lang='lat' dir='ltr'><strong>tantum</strong></span> <span class='ocrx_word' id='word_1_136' title='bbox 1091 905 1129 940; x_wconf 88' lang='lat' dir='ltr'><strong>in</strong></span> <span class='ocrx_word' id='word_1_137' title='bbox 1151 905 1331 941; x_wconf 84' lang='lat' dir='ltr'><strong>sententia</strong></span> <span class='ocrx_word' id='word_1_138' title='bbox 1353 904 1451 941; x_wconf 83' lang='lat' dir='ltr'><strong>bona</strong></span> <span class='ocrx_word' id='word_1_139' title='bbox 1467 906 1607 942; x_wconf 71' lang='lat' dir='ltr'><strong>crimen</strong></span> <span class='ocrx_word' id='word_1_140' title='bbox 1631 905 1713 941; x_wconf 74' lang='lat' dir='ltr'><strong>est?</strong></span> 
     </span>
     <span class='ocr_line' id='line_1_14' title="bbox 208 947 1715 996; baseline 0.001 -11"><span class='ocrx_word' id='word_1_141' title='bbox 208 951 253 993; x_wconf 90' lang='grc'><strong>8,</strong></span> <span class='ocrx_word' id='word_1_142' title='bbox 277 953 319 993; x_wconf 83' lang='grc'><strong>5,</strong></span> <span class='ocrx_word' id='word_1_143' title='bbox 344 952 405 985; x_wconf 90' lang='grc'><strong>32.</strong></span> <span class='ocrx_word' id='word_1_144' title='bbox 459 947 497 994; x_wconf 76' lang='grc' dir='ltr'><strong>β)</strong></span> <span class='ocrx_word' id='word_1_145' title='bbox 530 953 638 985; x_wconf 72' lang='lat' dir='ltr'><strong>Genii.</strong></span> <span class='ocrx_word' id='word_1_146' title='bbox 665 958 697 984; x_wconf 80' lang='lat' dir='ltr'><strong>et</strong></span> <span class='ocrx_word' id='word_1_147' title='bbox 721 955 828 986; x_wconf 65' lang='lat' dir='ltr'><strong>Dat„-</strong></span> <span class='ocrx_word' id='word_1_148' title='bbox 859 957 919 986; x_wconf 77' lang='lat' dir='ltr'><strong>aut</strong></span> <span class='ocrx_word' id='word_1_149' title='bbox 943 952 1134 996; x_wconf 80' lang='lat' dir='ltr'><strong>defensio,</strong></span> <span class='ocrx_word' id='word_1_150' title='bbox 1168 958 1231 988; x_wconf 84' lang='lat' dir='ltr'><strong>aut</strong></span> <span class='ocrx_word' id='word_1_151' title='bbox 1255 951 1479 996; x_wconf 83' lang='lat' dir='ltr'><strong>imminutio,</strong></span> <span class='ocrx_word' id='word_1_152' title='bbox 1514 958 1575 987; x_wconf 81' lang='lat' dir='ltr'><strong>aut</strong></span> <span class='ocrx_word' id='word_1_153' title='bbox 1598 964 1715 988; x_wconf 81' lang='lat' dir='ltr'><strong>excu-</strong></span> 
     </span>
     <span class='ocr_line' id='line_1_15' title="bbox 211 996 1728 1045; baseline 0.003 -15"><span class='ocrx_word' id='word_1_154' title='bbox 211 996 323 1039; x_wconf 79' lang='lat' dir='ltr'><strong>satio,</strong></span> <span class='ocrx_word' id='word_1_155' title='bbox 358 1002 419 1030; x_wconf 86' lang='lat' dir='ltr'><strong>ant</strong></span> <span class='ocrx_word' id='word_1_156' title='bbox 443 997 650 1041; x_wconf 79' lang='lat' dir='ltr'><strong>deprecatio</strong></span> <span class='ocrx_word' id='word_1_157' title='bbox 675 997 834 1032; x_wconf 86' lang='lat' dir='ltr'><strong>criminis</strong></span> <span class='ocrx_word' id='word_1_158' title='bbox 857 1001 893 1042; x_wconf 88' lang='lat'><strong>7,</strong></span> <span class='ocrx_word' id='word_1_159' title='bbox 920 998 963 1042; x_wconf 89' lang='lat'><strong>4,</strong></span> <span class='ocrx_word' id='word_1_160' title='bbox 991 1000 1027 1034; x_wconf 86' lang='lat'><strong>3.</strong></span> <span class='ocrx_word' id='word_1_161' title='bbox 1059 998 1198 1034; x_wconf 80' lang='lat' dir='ltr'><strong>invidia</strong></span> <span class='ocrx_word' id='word_1_162' title='bbox 1221 998 1380 1034; x_wconf 85' lang='lat' dir='ltr'><strong>criminis</strong></span> <span class='ocrx_word' id='word_1_163' title='bbox 1407 999 1450 1043; x_wconf 88' lang='grc'>6,</span> <span class='ocrx_word' id='word_1_164' title='bbox 1473 1001 1519 1043; x_wconf 92' lang='grc'><strong>3,</strong></span> <span class='ocrx_word' id='word_1_165' title='bbox 1544 1001 1598 1034; x_wconf 88' lang='lat' dir='ltr'><strong>io.</strong></span> <span class='ocrx_word' id='word_1_166' title='bbox 1640 1002 1728 1045; x_wconf 75' lang='lat' dir='ltr'><strong>quo&#39;</strong></span> 
     </span>
     <span class='ocr_line' id='line_1_16' title="bbox 210 1043 1714 1093; baseline 0.002 -17"><span class='ocrx_word' id='word_1_167' title='bbox 210 1043 303 1077; x_wconf 82' lang='lat' dir='ltr'><strong>ratio</strong></span> <span class='ocrx_word' id='word_1_168' title='bbox 325 1044 495 1077; x_wconf 82' lang='lat' dir='ltr'><strong>reddatur</strong></span> <span class='ocrx_word' id='word_1_169' title='bbox 519 1043 619 1077; x_wconf 87' lang='lat' dir='ltr'><strong>dilati</strong></span> <span class='ocrx_word' id='word_1_170' title='bbox 641 1055 690 1078; x_wconf 91' lang='lat' dir='ltr'><strong>cr.</strong></span> <span class='ocrx_word' id='word_1_171' title='bbox 716 1048 752 1087; x_wconf 91' lang='lat'><strong>7,</strong></span> <span class='ocrx_word' id='word_1_172' title='bbox 780 1047 813 1087; x_wconf 90' lang='lat'><strong>1,</strong></span> <span class='ocrx_word' id='word_1_173' title='bbox 839 1047 895 1079; x_wconf 85' lang='lat'><strong>11.</strong></span> <span class='ocrx_word' id='word_1_174' title='bbox 929 1055 1015 1079; x_wconf 85' lang='lat' dir='ltr'><strong>reos</strong></span> <span class='ocrx_word' id='word_1_175' title='bbox 1039 1045 1152 1089; x_wconf 80' lang='lat' dir='ltr'><strong>ejusd.</strong></span> <span class='ocrx_word' id='word_1_176' title='bbox 1171 1057 1221 1081; x_wconf 89' lang='lat' dir='ltr'><strong>cr.</strong></span> <span class='ocrx_word' id='word_1_177' title='bbox 1241 1047 1298 1088; x_wconf 87' lang='lat'><strong>11,</strong></span> <span class='ocrx_word' id='word_1_178' title='bbox 1323 1047 1358 1088; x_wconf 88' lang='lat'><strong>1,</strong></span> <span class='ocrx_word' id='word_1_179' title='bbox 1383 1046 1443 1081; x_wconf 87' lang='lat'><strong>79.</strong></span> <span class='ocrx_word' id='word_1_180' title='bbox 1479 1045 1714 1093; x_wconf 82' lang='lat' dir='ltr'><strong>congregatio</strong></span> 
     </span>
     <span class='ocr_line' id='line_1_17' title="bbox 211 1089 1714 1136; baseline 0.002 -13"><span class='ocrx_word' id='word_1_181' title='bbox 211 1089 401 1124; x_wconf 88' lang='lat' dir='ltr'><strong>criminum</strong></span> <span class='ocrx_word' id='word_1_182' title='bbox 427 1103 514 1134; x_wconf 17' lang='lat' dir='ltr'><strong>opp..</strong></span> <span class='ocrx_word' id='word_1_183' title='bbox 525 1090 703 1134; x_wconf 86' lang='lat' dir='ltr'><strong>separatio</strong></span> <span class='ocrx_word' id='word_1_184' title='bbox 725 1094 761 1134; x_wconf 91' lang='lat'><strong>7,</strong></span> <span class='ocrx_word' id='word_1_185' title='bbox 787 1094 821 1134; x_wconf 89' lang='lat'><strong>1,</strong></span> <span class='ocrx_word' id='word_1_186' title='bbox 846 1093 903 1125; x_wconf 92' lang='grc'><strong>31.</strong></span> <span class='ocrx_word' id='word_1_187' title='bbox 933 1091 1183 1136; x_wconf 84' lang='lat' dir='ltr'><strong>accipiendum</strong></span> <span class='ocrx_word' id='word_1_188' title='bbox 1209 1090 1263 1133; x_wconf 79' lang='grc' dir='ltr'><strong>(α.</strong></span> <span class='ocrx_word' id='word_1_189' title='bbox 1288 1095 1311 1125; x_wconf 83' lang='lat'><strong>1.</strong></span> <span class='ocrx_word' id='word_1_190' title='bbox 1337 1090 1421 1135; x_wconf 86' lang='lat' dir='ltr'><strong>om.)</strong></span> <span class='ocrx_word' id='word_1_191' title='bbox 1448 1091 1607 1126; x_wconf 78' lang='lat' dir='ltr'><strong>criminis</strong></span> <span class='ocrx_word' id='word_1_192' title='bbox 1627 1093 1714 1126; x_wconf 88' lang='lat' dir='ltr'><strong>loco</strong></span> 
     </span>
     <span class='ocr_line' id='line_1_18' title="bbox 213 1135 1714 1184; baseline 0.003 -15"><span class='ocrx_word' id='word_1_193' title='bbox 213 1138 269 1179; x_wconf 88' lang='lat'><strong>11,</strong></span> <span class='ocrx_word' id='word_1_194' title='bbox 294 1138 328 1179; x_wconf 91' lang='grc'><strong>1,</strong></span> <span class='ocrx_word' id='word_1_195' title='bbox 353 1137 422 1177; x_wconf 86' lang='grc'><strong>28;</strong></span> <span class='ocrx_word' id='word_1_196' title='bbox 471 1135 632 1180; x_wconf 89' lang='lat' dir='ltr'><strong>crimini,</strong></span> <span class='ocrx_word' id='word_1_197' title='bbox 669 1138 715 1170; x_wconf 89' lang='lat' dir='ltr'><strong>de</strong></span> <span class='ocrx_word' id='word_1_198' title='bbox 741 1147 813 1181; x_wconf 81' lang='lat' dir='ltr'><strong>quo</strong></span> <span class='ocrx_word' id='word_1_199' title='bbox 840 1137 1012 1181; x_wconf 81' lang='lat' dir='ltr'><strong>judicium</strong></span> <span class='ocrx_word' id='word_1_200' title='bbox 1039 1144 1116 1182; x_wconf 86' lang='lat' dir='ltr'><strong>est,</strong></span> <span class='ocrx_word' id='word_1_201' title='bbox 1149 1149 1255 1184; x_wconf 84' lang='lat' dir='ltr'><strong>quam</strong></span> <span class='ocrx_word' id='word_1_202' title='bbox 1277 1137 1435 1173; x_wconf 77' lang='lat' dir='ltr'><strong>maxime</strong></span> <span class='ocrx_word' id='word_1_203' title='bbox 1458 1137 1653 1172; x_wconf 84' lang='lat' dir='ltr'><strong>conveniat</strong></span> <span class='ocrx_word' id='word_1_204' title='bbox 1676 1141 1714 1181; x_wconf 90' lang='lat'><strong>7,</strong></span> 
     </span>
     <span class='ocr_line' id='line_1_19' title="bbox 211 1181 1711 1231; baseline 0.001 -15"><span class='ocrx_word' id='word_1_205' title='bbox 211 1185 247 1225; x_wconf 91' lang='lat'><strong>2,</strong></span> <span class='ocrx_word' id='word_1_206' title='bbox 271 1183 328 1217; x_wconf 91' lang='grc'><strong>28.</strong></span> <span class='ocrx_word' id='word_1_207' title='bbox 390 1181 429 1227; x_wconf 84' lang='lat' dir='ltr'><strong>y)</strong></span> <span class='ocrx_word' id='word_1_208' title='bbox 453 1185 578 1217; x_wconf 76' lang='lat' dir='ltr'><strong>Aecus.</strong></span> <span class='ocrx_word' id='word_1_209' title='bbox 593 1196 605 1216; x_wconf 85' lang='lat'><strong>.-</strong></span> <span class='ocrx_word' id='word_1_210' title='bbox 633 1182 785 1229; x_wconf 85' lang='lat' dir='ltr'><strong>augendi</strong></span> <span class='ocrx_word' id='word_1_211' title='bbox 810 1183 968 1218; x_wconf 88' lang='lat' dir='ltr'><strong>criminis</strong></span> <span class='ocrx_word' id='word_1_212' title='bbox 994 1183 1106 1231; x_wconf 84' lang='lat' dir='ltr'><strong>gratia</strong></span> <span class='ocrx_word' id='word_1_213' title='bbox 1129 1197 1206 1229; x_wconf 86' lang='lat' dir='ltr'><strong>opp.</strong></span> <span class='ocrx_word' id='word_1_214' title='bbox 1232 1183 1438 1219; x_wconf 86' lang='lat' dir='ltr'><strong>declinandi</strong></span> <span class='ocrx_word' id='word_1_215' title='bbox 1460 1185 1497 1227; x_wconf 87' lang='grc'>9,</span> <span class='ocrx_word' id='word_1_216' title='bbox 1520 1186 1557 1227; x_wconf 89' lang='grc'><strong>2,</strong></span> <span class='ocrx_word' id='word_1_217' title='bbox 1583 1186 1639 1218; x_wconf 92' lang='grc'><strong>12.</strong></span> <span class='ocrx_word' id='word_1_218' title='bbox 1677 1196 1711 1218; x_wconf 86' lang='grc' dir='ltr'><strong>υ.</strong></span> 
     </span>
     <span class='ocr_line' id='line_1_20' title="bbox 210 1228 1717 1277; baseline 0 -14"><span class='ocrx_word' id='word_1_219' title='bbox 210 1229 391 1275; x_wconf 80' lang='lat' dir='ltr'><strong>Augeo.</strong></span> <span class='ocrx_word' id='word_1_220' title='bbox 440 1234 606 1262; x_wconf 79' lang='lat' dir='ltr'><strong>avertere</strong></span> <span class='ocrx_word' id='word_1_221' title='bbox 632 1228 671 1262; x_wconf 92' lang='lat' dir='ltr'><strong>in</strong></span> <span class='ocrx_word' id='word_1_222' title='bbox 695 1229 784 1263; x_wconf 89' lang='lat' dir='ltr'><strong>alios</strong></span> <span class='ocrx_word' id='word_1_223' title='bbox 808 1230 945 1263; x_wconf 79' lang='lat' dir='ltr'><strong>crimen</strong></span> <span class='ocrx_word' id='word_1_224' title='bbox 971 1232 1032 1272; x_wconf 88' lang='lat'><strong>11,</strong></span> <span class='ocrx_word' id='word_1_225' title='bbox 1057 1233 1099 1273; x_wconf 89' lang='lat'><strong>1,</strong></span> <span class='ocrx_word' id='word_1_226' title='bbox 1124 1231 1182 1265; x_wconf 85' lang='lat'><strong>65.</strong></span> <span class='ocrx_word' id='word_1_227' title='bbox 1220 1229 1360 1277; x_wconf 87' lang='lat' dir='ltr'><strong>singula</strong></span> <span class='ocrx_word' id='word_1_228' title='bbox 1387 1229 1536 1264; x_wconf 84' lang='lat' dir='ltr'><strong>crimina</strong></span> <span class='ocrx_word' id='word_1_229' title='bbox 1560 1240 1610 1264; x_wconf 84' lang='lat' dir='ltr'><strong>ex</strong></span> <span class='ocrx_word' id='word_1_230' title='bbox 1632 1230 1717 1274; x_wconf 85' lang='lat' dir='ltr'><strong>plu-</strong></span> 
     </span>
     <span class='ocr_line' id='line_1_21' title="bbox 210 1273 1716 1321; baseline 0.001 -12"><span class='ocrx_word' id='word_1_231' title='bbox 210 1275 308 1309; x_wconf 83' lang='lat' dir='ltr'><strong>ribus</strong></span> <span class='ocrx_word' id='word_1_232' title='bbox 335 1273 553 1321; x_wconf 82' lang='lat' dir='ltr'><strong>colliguntur</strong></span> <span class='ocrx_word' id='word_1_233' title='bbox 574 1273 610 1318; x_wconf 89' lang='lat'><strong>4,</strong></span> <span class='ocrx_word' id='word_1_234' title='bbox 632 1273 677 1318; x_wconf 87' lang='lat'><strong>4,</strong></span> <span class='ocrx_word' id='word_1_235' title='bbox 701 1276 734 1310; x_wconf 84' lang='lat'><strong>5.</strong></span> <span class='ocrx_word' id='word_1_236' title='bbox 772 1274 873 1310; x_wconf 82' lang='lat' dir='ltr'><strong>dilati</strong></span> <span class='ocrx_word' id='word_1_237' title='bbox 898 1275 1057 1310; x_wconf 86' lang='lat' dir='ltr'><strong>criminis</strong></span> <span class='ocrx_word' id='word_1_238' title='bbox 1081 1279 1117 1319; x_wconf 92' lang='grc'>7,</span> <span class='ocrx_word' id='word_1_239' title='bbox 1143 1279 1182 1318; x_wconf 86' lang='grc'><strong>1,</strong></span> <span class='ocrx_word' id='word_1_240' title='bbox 1208 1279 1264 1310; x_wconf 89' lang='grc'><strong>11.</strong></span> <span class='ocrx_word' id='word_1_241' title='bbox 1303 1275 1463 1320; x_wconf 86' lang='lat' dir='ltr'><strong>objicere</strong></span> <span class='ocrx_word' id='word_1_242' title='bbox 1487 1276 1550 1311; x_wconf 79' lang='lat' dir='ltr'><strong>vel</strong></span> <span class='ocrx_word' id='word_1_243' title='bbox 1577 1275 1716 1311; x_wconf 79' lang='lat' dir='ltr'><strong>diluere</strong></span> 
     </span>
     <span class='ocr_line' id='line_1_22' title="bbox 211 1320 1716 1366; baseline 0.001 -11"><span class='ocrx_word' id='word_1_244' title='bbox 211 1320 359 1355; x_wconf 85' lang='lat' dir='ltr'><strong>crimina</strong></span> <span class='ocrx_word' id='word_1_245' title='bbox 381 1324 424 1364; x_wconf 91' lang='lat'><strong>7,</strong></span> <span class='ocrx_word' id='word_1_246' title='bbox 455 1323 516 1364; x_wconf 91' lang='lat'><strong>10,</strong></span> <span class='ocrx_word' id='word_1_247' title='bbox 548 1323 602 1355; x_wconf 92' lang='lat'><strong>12.</strong></span> <span class='ocrx_word' id='word_1_248' title='bbox 641 1321 679 1355; x_wconf 86' lang='lat' dir='ltr'><strong>in</strong></span> <span class='ocrx_word' id='word_1_249' title='bbox 703 1333 796 1366; x_wconf 84' lang='lat' dir='ltr'><strong>quae</strong></span> <span class='ocrx_word' id='word_1_250' title='bbox 822 1322 972 1356; x_wconf 89' lang='lat' dir='ltr'><strong>crimina</strong></span> <span class='ocrx_word' id='word_1_251' title='bbox 998 1323 1114 1356; x_wconf 81' lang='lat' dir='ltr'><strong>malae</strong></span> <span class='ocrx_word' id='word_1_252' title='bbox 1142 1320 1364 1357; x_wconf 74' lang='lat' dir='ltr'><strong>tractationis</strong></span> <span class='ocrx_word' id='word_1_253' title='bbox 1391 1321 1487 1356; x_wconf 85' lang='lat' dir='ltr'><strong>actio</strong></span> <span class='ocrx_word' id='word_1_254' title='bbox 1510 1331 1585 1356; x_wconf 88' lang='lat' dir='ltr'><strong>non</strong></span> <span class='ocrx_word' id='word_1_255' title='bbox 1611 1322 1716 1356; x_wconf 83' lang='lat' dir='ltr'><strong>detur</strong></span> 
     </span>
     <span class='ocr_line' id='line_1_23' title="bbox 210 1366 1715 1421; baseline 0.001 -19"><span class='ocrx_word' id='word_1_256' title='bbox 210 1371 247 1411; x_wconf 91' lang='grc'>7,</span> <span class='ocrx_word' id='word_1_257' title='bbox 264 1366 300 1410; x_wconf 98' lang='grc'><strong>4,</strong></span> <span class='ocrx_word' id='word_1_258' title='bbox 322 1367 379 1401; x_wconf 90' lang='grc'><strong>26.</strong></span> <span class='ocrx_word' id='word_1_259' title='bbox 407 1368 471 1401; x_wconf 80' lang='lat' dir='ltr'><strong>vel</strong></span> <span class='ocrx_word' id='word_1_260' title='bbox 495 1367 781 1401; x_wconf 84' lang='lat' dir='ltr'><strong>discutiendi</strong></span> <span class='ocrx_word' id='word_1_261' title='bbox 803 1368 952 1413; x_wconf 83' lang='lat' dir='ltr'><strong>alicujus</strong></span> <span class='ocrx_word' id='word_1_262' title='bbox 977 1368 1204 1403; x_wconf 83' lang='lat' dir='ltr'><strong>extrinsecus</strong></span> <span class='ocrx_word' id='word_1_263' title='bbox 1228 1367 1400 1411; x_wconf 90' lang='lat' dir='ltr'><strong>criminis,</strong></span> <span class='ocrx_word' id='word_1_264' title='bbox 1427 1369 1492 1404; x_wconf 78' lang='lat' dir='ltr'><strong>vel</strong></span> <span class='ocrx_word' id='word_1_265' title='bbox 1514 1367 1715 1421; x_wconf 84' lang='lat' dir='ltr'><strong>augendi</strong></span> 
     </span>
     <span class='ocr_line' id='line_1_24' title="bbox 208 1412 1717 1460; baseline 0.001 -14"><span class='ocrx_word' id='word_1_266' title='bbox 208 1412 256 1455; x_wconf 91' lang='lat'><strong>4,</strong></span> <span class='ocrx_word' id='word_1_267' title='bbox 279 1416 323 1456; x_wconf 94' lang='grc'>2,</span> <span class='ocrx_word' id='word_1_268' title='bbox 349 1414 404 1447; x_wconf 87' lang='grc'><strong>18.</strong></span> <span class='ocrx_word' id='word_1_269' title='bbox 447 1414 558 1457; x_wconf 86' lang='lat' dir='ltr'><strong>haec,</strong></span> <span class='ocrx_word' id='word_1_270' title='bbox 598 1420 639 1448; x_wconf 93' lang='lat' dir='ltr'><strong>ut</strong></span> <span class='ocrx_word' id='word_1_271' title='bbox 668 1414 707 1448; x_wconf 91' lang='lat' dir='ltr'><strong>in</strong></span> <span class='ocrx_word' id='word_1_272' title='bbox 739 1415 909 1460; x_wconf 81' lang='lat' dir='ltr'><strong>qualitate</strong></span> <span class='ocrx_word' id='word_1_273' title='bbox 943 1415 1080 1449; x_wconf 87' lang='lat' dir='ltr'><strong>crimen</strong></span> <span class='ocrx_word' id='word_1_274' title='bbox 1113 1416 1329 1456; x_wconf 78' lang='lat' dir='ltr'><strong>elevant,</strong></span> <span class='ocrx_word' id='word_1_275' title='bbox 1368 1414 1419 1448; x_wconf 87' lang='lat' dir='ltr'><strong>ita</strong></span> <span class='ocrx_word' id='word_1_276' title='bbox 1444 1413 1484 1448; x_wconf 90' lang='lat' dir='ltr'><strong>in</strong></span> <span class='ocrx_word' id='word_1_277' title='bbox 1509 1419 1717 1458; x_wconf 73' lang='lat' dir='ltr'><strong>conjectura</strong></span> 
     </span>
     <span class='ocr_line' id='line_1_25' title="bbox 207 1459 1715 1505; baseline 0.001 -13"><span class='ocrx_word' id='word_1_278' title='bbox 207 1465 423 1504; x_wconf 84' lang='lat' dir='ltr'><strong>premunt</strong></span> <span class='ocrx_word' id='word_1_279' title='bbox 447 1463 488 1502; x_wconf 88' lang='lat'><strong>7,</strong></span> <span class='ocrx_word' id='word_1_280' title='bbox 515 1463 559 1504; x_wconf 87' lang='grc'>2,</span> <span class='ocrx_word' id='word_1_281' title='bbox 582 1459 641 1495; x_wconf 88' lang='grc'><strong>40.</strong></span> <span class='ocrx_word' id='word_1_282' title='bbox 682 1466 718 1495; x_wconf 86' lang='lat' dir='ltr'><strong>et</strong></span> <span class='ocrx_word' id='word_1_283' title='bbox 738 1461 928 1505; x_wconf 82' lang='lat' dir='ltr'><strong>versibus,</strong></span> <span class='ocrx_word' id='word_1_284' title='bbox 963 1467 1000 1496; x_wconf 91' lang='lat' dir='ltr'><strong>et</strong></span> <span class='ocrx_word' id='word_1_285' title='bbox 1023 1462 1128 1505; x_wconf 79' lang='lat' dir='ltr'><strong>ioco,</strong></span> <span class='ocrx_word' id='word_1_286' title='bbox 1167 1466 1204 1496; x_wconf 87' lang='lat' dir='ltr'><strong>et</strong></span> <span class='ocrx_word' id='word_1_287' title='bbox 1225 1460 1389 1504; x_wconf 82' lang='lat' dir='ltr'><strong>invidia,</strong></span> <span class='ocrx_word' id='word_1_288' title='bbox 1426 1466 1463 1495; x_wconf 90' lang='lat' dir='ltr'><strong>et</strong></span> <span class='ocrx_word' id='word_1_289' title='bbox 1485 1459 1715 1496; x_wconf 78' lang='lat' dir='ltr'><strong>invocatione</strong></span> 
     </span>
     <span class='ocr_line' id='line_1_26' title="bbox 207 1505 1716 1551; baseline 0.002 -12"><span class='ocrx_word' id='word_1_290' title='bbox 207 1507 397 1540; x_wconf 82' lang='lat' dir='ltr'><strong>intendere</strong></span> <span class='ocrx_word' id='word_1_291' title='bbox 422 1506 558 1541; x_wconf 84' lang='lat' dir='ltr'><strong>crimen</strong></span> <span class='ocrx_word' id='word_1_292' title='bbox 580 1508 616 1550; x_wconf 90' lang='lat'><strong>9,</strong></span> <span class='ocrx_word' id='word_1_293' title='bbox 640 1510 676 1549; x_wconf 87' lang='grc'>2,</span> <span class='ocrx_word' id='word_1_294' title='bbox 703 1506 783 1542; x_wconf 90' lang='lat'><strong>104.</strong></span> <span class='ocrx_word' id='word_1_295' title='bbox 814 1507 912 1542; x_wconf 91' lang='lat' dir='ltr'><strong>idem</strong></span> <span class='ocrx_word' id='word_1_296' title='bbox 936 1518 987 1542; x_wconf 84' lang='lat' dir='ltr'><strong>cr.</strong></span> <span class='ocrx_word' id='word_1_297' title='bbox 1013 1507 1171 1543; x_wconf 79' lang='lat' dir='ltr'><strong>invicem</strong></span> <span class='ocrx_word' id='word_1_298' title='bbox 1192 1507 1370 1541; x_wconf 84' lang='lat' dir='ltr'><strong>intentant</strong></span> <span class='ocrx_word' id='word_1_299' title='bbox 1393 1509 1429 1551; x_wconf 87' lang='lat'><strong>3,</strong></span> <span class='ocrx_word' id='word_1_300' title='bbox 1458 1508 1515 1550; x_wconf 91' lang='grc'><strong>10,</strong></span> <span class='ocrx_word' id='word_1_301' title='bbox 1537 1505 1573 1540; x_wconf 87' lang='grc'><strong>4.</strong></span> <span class='ocrx_word' id='word_1_302' title='bbox 1611 1507 1716 1551; x_wconf 74' lang='lat' dir='ltr'><strong>plura</strong></span> 
     </span>
     <span class='ocr_line' id='line_1_27' title="bbox 210 1551 1716 1599; baseline 0 -12"><span class='ocrx_word' id='word_1_303' title='bbox 210 1564 262 1587; x_wconf 87' lang='lat' dir='ltr'><strong>cr.</strong></span> <span class='ocrx_word' id='word_1_304' title='bbox 288 1553 484 1599; x_wconf 87' lang='lat' dir='ltr'><strong>junguntur</strong></span> <span class='ocrx_word' id='word_1_305' title='bbox 508 1552 552 1597; x_wconf 89' lang='lat'><strong>4,</strong></span> <span class='ocrx_word' id='word_1_306' title='bbox 576 1552 622 1597; x_wconf 88' lang='lat'><strong>4,</strong></span> <span class='ocrx_word' id='word_1_307' title='bbox 652 1554 685 1588; x_wconf 86' lang='lat'><strong>5.</strong></span> <span class='ocrx_word' id='word_1_308' title='bbox 735 1554 863 1588; x_wconf 87' lang='lat' dir='ltr'><strong>melius</strong></span> <span class='ocrx_word' id='word_1_309' title='bbox 893 1553 1199 1597; x_wconf 83' lang='lat' dir='ltr'><strong>objicientem</strong></span> <span class='ocrx_word' id='word_1_310' title='bbox 1231 1553 1382 1588; x_wconf 87' lang='lat' dir='ltr'><strong>crimina</strong></span> <span class='ocrx_word' id='word_1_311' title='bbox 1410 1563 1517 1598; x_wconf 80' lang='lat' dir='ltr'><strong>quam</strong></span> <span class='ocrx_word' id='word_1_312' title='bbox 1545 1551 1716 1587; x_wconf 77' lang='lat' dir='ltr'><strong>&#39;defen-</strong></span> 
     </span>
     <span class='ocr_line' id='line_1_28' title="bbox 212 1598 1715 1645; baseline 0.001 -13"><span class='ocrx_word' id='word_1_313' title='bbox 212 1601 398 1633; x_wconf 84' lang='lat' dir='ltr'><strong>dentem</strong></span> <span class='ocrx_word' id='word_1_314' title='bbox 421 1600 463 1642; x_wconf 87' lang='lat'><strong>6,</strong></span> <span class='ocrx_word' id='word_1_315' title='bbox 488 1601 530 1642; x_wconf 89' lang='grc'>3,</span> <span class='ocrx_word' id='word_1_316' title='bbox 555 1600 613 1636; x_wconf 87' lang='grc'><strong>69.</strong></span> <span class='ocrx_word' id='word_1_317' title='bbox 650 1599 697 1642; x_wconf 86' lang='lat' dir='ltr'><strong>cs.</strong></span> <span class='ocrx_word' id='word_1_318' title='bbox 722 1603 802 1635; x_wconf 87' lang='lat'><strong>100.</strong></span> <span class='ocrx_word' id='word_1_319' title='bbox 843 1600 900 1634; x_wconf 89' lang='lat' dir='ltr'><strong>cui</strong></span> <span class='ocrx_word' id='word_1_320' title='bbox 925 1601 1107 1645; x_wconf 87' lang='lat' dir='ltr'><strong>objectum</strong></span> <span class='ocrx_word' id='word_1_321' title='bbox 1126 1600 1183 1635; x_wconf 85' lang='lat' dir='ltr'><strong>cr.</strong></span> <span class='ocrx_word' id='word_1_322' title='bbox 1208 1599 1396 1634; x_wconf 74' lang='lat' dir='ltr'><strong>remiserat</strong></span> <span class='ocrx_word' id='word_1_323' title='bbox 1421 1598 1593 1635; x_wconf 83' lang='lat' dir='ltr'><strong>Claudius</strong></span> <span class='ocrx_word' id='word_1_324' title='bbox 1616 1600 1652 1641; x_wconf 88' lang='lat'><strong>8,</strong></span> <span class='ocrx_word' id='word_1_325' title='bbox 1677 1599 1715 1643; x_wconf 81' lang='lat'><strong>5,</strong></span> 
     </span>
     <span class='ocr_line' id='line_1_29' title="bbox 211 1644 1712 1694; baseline -0.001 -14"><span class='ocrx_word' id='word_1_326' title='bbox 211 1646 267 1681; x_wconf 87' lang='lat'><strong>16.</strong></span> <span class='ocrx_word' id='word_1_327' title='bbox 299 1644 344 1687; x_wconf 87' lang='lat' dir='ltr'><strong>cf.</strong></span> <span class='ocrx_word' id='word_1_328' title='bbox 369 1646 414 1689; x_wconf 90' lang='grc'>6,</span> <span class='ocrx_word' id='word_1_329' title='bbox 440 1648 481 1689; x_wconf 88' lang='grc'><strong>3,</strong></span> <span class='ocrx_word' id='word_1_330' title='bbox 506 1647 562 1681; x_wconf 83' lang='grc'><strong>75.</strong></span> <span class='ocrx_word' id='word_1_331' title='bbox 599 1646 751 1681; x_wconf 78' lang='lat' dir='ltr'><strong>crimina</strong></span> <span class='ocrx_word' id='word_1_332' title='bbox 774 1648 959 1694; x_wconf 78' lang='lat' dir='ltr'><strong>purganda</strong></span> <span class='ocrx_word' id='word_1_333' title='bbox 988 1647 1046 1692; x_wconf 84' lang='lat' dir='ltr'><strong>(a.</strong></span> <span class='ocrx_word' id='word_1_334' title='bbox 1070 1651 1094 1680; x_wconf 87' lang='lat'><strong>1.</strong></span> <span class='ocrx_word' id='word_1_335' title='bbox 1122 1644 1386 1694; x_wconf 83' lang='lat' dir='ltr'><strong>impugnanda)</strong></span> <span class='ocrx_word' id='word_1_336' title='bbox 1413 1651 1498 1680; x_wconf 84' lang='lat' dir='ltr'><strong>sunt</strong></span> <span class='ocrx_word' id='word_1_337' title='bbox 1518 1648 1555 1688; x_wconf 92' lang='lat'><strong>7,</strong></span> <span class='ocrx_word' id='word_1_338' title='bbox 1583 1647 1626 1688; x_wconf 83' lang='lat'><strong>1,</strong></span> <span class='ocrx_word' id='word_1_339' title='bbox 1654 1647 1712 1679; x_wconf 85' lang='lat'><strong>12.</strong></span> 
     </span>
     <span class='ocr_line' id='line_1_30' title="bbox 210 1691 1714 1737; baseline -0.001 -11"><span class='ocrx_word' id='word_1_340' title='bbox 210 1692 379 1737; x_wconf 83' lang='lat' dir='ltr'><strong>quotiens</strong></span> <span class='ocrx_word' id='word_1_341' title='bbox 403 1703 477 1727; x_wconf 91' lang='lat' dir='ltr'><strong>non</strong></span> <span class='ocrx_word' id='word_1_342' title='bbox 501 1693 823 1737; x_wconf 90' lang='lat' dir='ltr'><strong>repellendum</strong></span> <span class='ocrx_word' id='word_1_343' title='bbox 851 1691 989 1728; x_wconf 75' lang='lat' dir='ltr'><strong>tantum</strong></span> <span class='ocrx_word' id='word_1_344' title='bbox 1013 1692 1082 1728; x_wconf 87' lang='lat' dir='ltr'><strong>erit</strong></span> <span class='ocrx_word' id='word_1_345' title='bbox 1105 1704 1180 1736; x_wconf 87' lang='lat' dir='ltr'><strong>cr.,</strong></span> <span class='ocrx_word' id='word_1_346' title='bbox 1209 1693 1273 1727; x_wconf 84' lang='lat' dir='ltr'><strong>sed</strong></span> <span class='ocrx_word' id='word_1_347' title='bbox 1296 1692 1403 1726; x_wconf 84' lang='lat' dir='ltr'><strong>etiam</strong></span> <span class='ocrx_word' id='word_1_348' title='bbox 1426 1697 1556 1725; x_wconf 85' lang='lat' dir='ltr'><strong>trans</strong></span> <span class='ocrx_word' id='word_1_349' title='bbox 1568 1691 1714 1725; x_wconf 79' lang='lat' dir='ltr'><strong>feren-</strong></span> 
     </span>
     <span class='ocr_line' id='line_1_31' title="bbox 211 1735 1715 1785; baseline -0.001 -13"><span class='ocrx_word' id='word_1_350' title='bbox 211 1740 312 1772; x_wconf 85' lang='lat' dir='ltr'><strong>dum</strong></span> <span class='ocrx_word' id='word_1_351' title='bbox 335 1738 404 1772; x_wconf 86' lang='lat' dir='ltr'><strong>erit</strong></span> <span class='ocrx_word' id='word_1_352' title='bbox 426 1737 462 1780; x_wconf 85' lang='lat'><strong>4,</strong></span> <span class='ocrx_word' id='word_1_353' title='bbox 486 1743 523 1782; x_wconf 91' lang='lat'><strong>2,</strong></span> <span class='ocrx_word' id='word_1_354' title='bbox 547 1740 595 1774; x_wconf 88' lang='lat'><strong>26</strong></span> <span class='ocrx_word' id='word_1_355' title='bbox 618 1743 661 1774; x_wconf 93' lang='grc' dir='ltr'><strong>Ζ.</strong></span> <span class='ocrx_word' id='word_1_356' title='bbox 686 1740 734 1774; x_wconf 88' lang='grc' dir='ltr'><strong>Ν.</strong></span> <span class='ocrx_word' id='word_1_357' title='bbox 763 1739 794 1774; x_wconf 89' lang='lat' dir='ltr'><strong>si</strong></span> <span class='ocrx_word' id='word_1_358' title='bbox 818 1751 868 1774; x_wconf 89' lang='lat' dir='ltr'><strong>cr.</strong></span> <span class='ocrx_word' id='word_1_359' title='bbox 896 1739 1013 1784; x_wconf 85' lang='lat' dir='ltr'><strong>ipsum</strong></span> <span class='ocrx_word' id='word_1_360' title='bbox 1037 1739 1178 1774; x_wconf 76' lang='lat' dir='ltr'><strong>solicite</strong></span> <span class='ocrx_word' id='word_1_361' title='bbox 1199 1737 1442 1785; x_wconf 79' lang='lat' dir='ltr'><strong>redarguisset</strong></span> <span class='ocrx_word' id='word_1_362' title='bbox 1466 1740 1523 1779; x_wconf 87' lang='lat'><strong>11,</strong></span> <span class='ocrx_word' id='word_1_363' title='bbox 1550 1739 1583 1778; x_wconf 88' lang='grc'><strong>1,</strong></span> <span class='ocrx_word' id='word_1_364' title='bbox 1607 1737 1642 1771; x_wconf 91' lang='lat'><strong>9.</strong></span> <span class='ocrx_word' id='word_1_365' title='bbox 1674 1735 1715 1770; x_wconf 86' lang='lat' dir='ltr'><strong>in</strong></span> 
     </span>
     <span class='ocr_line' id='line_1_32' title="bbox 207 1782 1722 1834; baseline -0.001 -15"><span class='ocrx_word' id='word_1_366' title='bbox 207 1791 375 1830; x_wconf 72' lang='lat' dir='ltr'><strong>parentes</strong></span> <span class='ocrx_word' id='word_1_367' title='bbox 401 1785 552 1820; x_wconf 82' lang='lat' dir='ltr'><strong>crimina</strong></span> <span class='ocrx_word' id='word_1_368' title='bbox 579 1792 834 1833; x_wconf 79' lang='lat' dir='ltr'><strong>spargerentur</strong></span> <span class='ocrx_word' id='word_1_369' title='bbox 858 1787 901 1829; x_wconf 89' lang='lat'><strong>9,</strong></span> <span class='ocrx_word' id='word_1_370' title='bbox 929 1790 952 1820; x_wconf 92' lang='grc'>2</span> <span class='ocrx_word' id='word_1_371' title='bbox 966 1812 977 1829; x_wconf 94' lang='grc'><strong>,</strong></span> <span class='ocrx_word' id='word_1_372' title='bbox 1006 1787 1065 1821; x_wconf 88' lang='grc'><strong>80.</strong></span> <span class='ocrx_word' id='word_1_373' title='bbox 1109 1785 1245 1819; x_wconf 87' lang='lat' dir='ltr'><strong>crimen</strong></span> <span class='ocrx_word' id='word_1_374' title='bbox 1273 1794 1379 1818; x_wconf 88' lang='lat' dir='ltr'><strong>causa</strong></span> <span class='ocrx_word' id='word_1_375' title='bbox 1403 1782 1490 1816; x_wconf 82' lang='lat' dir='ltr'><strong>facti</strong></span> <span class='ocrx_word' id='word_1_376' title='bbox 1512 1786 1654 1817; x_wconf 85' lang='lat' dir='ltr'><strong>tuemur</strong></span> <span class='ocrx_word' id='word_1_377' title='bbox 1678 1785 1722 1834; x_wconf 59' lang='lat'><strong>7„</strong></span> 
     </span>
     <span class='ocr_line' id='line_1_33' title="bbox 207 1829 1714 1882; baseline -0.002 -16"><span class='ocrx_word' id='word_1_378' title='bbox 207 1831 244 1876; x_wconf 86' lang='lat'><strong>4,</strong></span> <span class='ocrx_word' id='word_1_379' title='bbox 269 1833 303 1867; x_wconf 89' lang='grc'><strong>8.</strong></span> <span class='ocrx_word' id='word_1_380' title='bbox 338 1843 390 1866; x_wconf 93' lang='lat' dir='ltr'><strong>cr.</strong></span> <span class='ocrx_word' id='word_1_381' title='bbox 416 1833 687 1867; x_wconf 78' lang='lat' dir='ltr'><strong>transferre</strong></span> <span class='ocrx_word' id='word_1_382' title='bbox 711 1833 748 1866; x_wconf 94' lang='lat' dir='ltr'><strong>in</strong></span> <span class='ocrx_word' id='word_1_383' title='bbox 773 1831 1017 1867; x_wconf 81' lang='lat' dir='ltr'><strong>adversarium</strong></span> <span class='ocrx_word' id='word_1_384' title='bbox 1043 1831 1189 1874; x_wconf 86' lang='lat' dir='ltr'><strong>maluit,</strong></span> <span class='ocrx_word' id='word_1_385' title='bbox 1224 1841 1329 1874; x_wconf 83' lang='lat' dir='ltr'><strong>quam</strong></span> <span class='ocrx_word' id='word_1_386' title='bbox 1354 1834 1535 1876; x_wconf 82' lang='lat' dir='ltr'><strong>negare</strong></span> <span class='ocrx_word' id='word_1_387' title='bbox 1557 1829 1600 1882; x_wconf 53' lang='lat'><strong>6,</strong></span> <span class='ocrx_word' id='word_1_388' title='bbox 1619 1829 1714 1872; x_wconf 86' lang='grc'>5,,9.</span> 
     </span>
     <span class='ocr_line' id='line_1_34' title="bbox 212 1875 1714 1921; baseline -0.003 -9"><span class='ocrx_word' id='word_1_389' title='bbox 212 1877 259 1920; x_wconf 85' lang='lat' dir='ltr'><strong>cs.</strong></span> <span class='ocrx_word' id='word_1_390' title='bbox 283 1879 328 1921; x_wconf 88' lang='lat'><strong>6,</strong></span> <span class='ocrx_word' id='word_1_391' title='bbox 359 1880 402 1921; x_wconf 90' lang='lat'><strong>3·‚</strong></span> <span class='ocrx_word' id='word_1_392' title='bbox 432 1880 489 1913; x_wconf 88' lang='grc'><strong>78.</strong></span> <span class='ocrx_word' id='word_1_393' title='bbox 541 1891 575 1912; x_wconf 86' lang='lat' dir='ltr'><strong>v.</strong></span> <span class='ocrx_word' id='word_1_394' title='bbox 607 1880 788 1912; x_wconf 83' lang='lat' dir='ltr'><strong>Transf</strong></span> <span class='ocrx_word' id='word_1_395' title='bbox 793 1888 883 1913; x_wconf 88' lang='lat' dir='ltr'><strong>ero.</strong></span> <span class='ocrx_word' id='word_1_396' title='bbox 931 1878 1011 1912; x_wconf 79' lang='lat' dir='ltr'><strong>sive</strong></span> <span class='ocrx_word' id='word_1_397' title='bbox 1045 1877 1184 1911; x_wconf 86' lang='lat' dir='ltr'><strong>crimen</strong></span> <span class='ocrx_word' id='word_1_398' title='bbox 1211 1885 1297 1911; x_wconf 80' lang='lat' dir='ltr'><strong>reus</strong></span> <span class='ocrx_word' id='word_1_399' title='bbox 1326 1875 1416 1910; x_wconf 86' lang='lat' dir='ltr'><strong>citra</strong></span> <span class='ocrx_word' id='word_1_400' title='bbox 1447 1881 1714 1909; x_wconf 78' lang='lat' dir='ltr'><strong>accusationem</strong></span> 
     </span>
     <span class='ocr_line' id='line_1_35' title="bbox 210 1920 1725 1967; baseline -0.002 -9"><span class='ocrx_word' id='word_1_401' title='bbox 210 1926 247 1958; x_wconf 79' lang='lat' dir='ltr'><strong>in</strong></span> <span class='ocrx_word' id='word_1_402' title='bbox 272 1924 519 1959; x_wconf 79' lang='lat' dir='ltr'><strong>adversarium</strong></span> <span class='ocrx_word' id='word_1_403' title='bbox 542 1924 653 1959; x_wconf 81' lang='lat' dir='ltr'><strong>vertit</strong></span> <span class='ocrx_word' id='word_1_404' title='bbox 675 1928 716 1966; x_wconf 91' lang='lat'><strong>7,</strong></span> <span class='ocrx_word' id='word_1_405' title='bbox 745 1928 788 1967; x_wconf 92' lang='grc'><strong>2,</strong></span> <span class='ocrx_word' id='word_1_406' title='bbox 822 1927 881 1958; x_wconf 89' lang='grc'><strong>23.</strong></span> <span class='ocrx_word' id='word_1_407' title='bbox 955 1920 994 1967; x_wconf 82' lang='grc' dir='ltr'><strong>δ)</strong></span> <span class='ocrx_word' id='word_1_408' title='bbox 1020 1926 1162 1958; x_wconf 56' lang='grc' dir='ltr'><strong>Λωαί..</strong></span> <span class='ocrx_word' id='word_1_409' title='bbox 1201 1933 1330 1957; x_wconf 87' lang='lat' dir='ltr'><strong>causae</strong></span> <span class='ocrx_word' id='word_1_410' title='bbox 1355 1921 1529 1964; x_wconf 84' lang='lat' dir='ltr'><strong>crimine,</strong></span> <span class='ocrx_word' id='word_1_411' title='bbox 1566 1922 1612 1956; x_wconf 89' lang='lat' dir='ltr'><strong>de</strong></span> <span class='ocrx_word' id='word_1_412' title='bbox 1640 1923 1725 1965; x_wconf 73' lang='lat' dir='ltr'><strong>quo&#39;</strong></span> 
     </span>
     <span class='ocr_line' id='line_1_36' title="bbox 210 1966 1715 2020; baseline -0.003 -15"><span class='ocrx_word' id='word_1_413' title='bbox 210 1971 371 2018; x_wconf 85' lang='lat' dir='ltr'><strong>cognitio</strong></span> <span class='ocrx_word' id='word_1_414' title='bbox 398 1976 474 2013; x_wconf 88' lang='lat' dir='ltr'><strong>est,</strong></span> <span class='ocrx_word' id='word_1_415' title='bbox 499 1971 624 2005; x_wconf 80' lang='lat' dir='ltr'><strong>faciles</strong></span> <span class='ocrx_word' id='word_1_416' title='bbox 649 1971 695 2004; x_wconf 80' lang='lat' dir='ltr'><strong>sd</strong></span> <span class='ocrx_word' id='word_1_417' title='bbox 719 1971 928 2004; x_wconf 87' lang='lat' dir='ltr'><strong>diluendum</strong></span> <span class='ocrx_word' id='word_1_418' title='bbox 951 1968 987 2012; x_wconf 87' lang='lat'><strong>4,</strong></span> <span class='ocrx_word' id='word_1_419' title='bbox 1010 1972 1046 2013; x_wconf 81' lang='lat'><strong>2,</strong></span> <span class='ocrx_word' id='word_1_420' title='bbox 1069 1972 1130 2006; x_wconf 85' lang='lat'><strong>27.</strong></span> <span class='ocrx_word' id='word_1_421' title='bbox 1163 1968 1328 2012; x_wconf 82' lang='lat' dir='ltr'><strong>elabendi</strong></span> <span class='ocrx_word' id='word_1_422' title='bbox 1354 1979 1401 2003; x_wconf 84' lang='lat' dir='ltr'><strong>ex</strong></span> <span class='ocrx_word' id='word_1_423' title='bbox 1425 1966 1586 2010; x_wconf 67' lang='lat' dir='ltr'><strong>crimine,</strong></span> <span class='ocrx_word' id='word_1_424' title='bbox 1604 1967 1715 2020; x_wconf 32' lang='lat' dir='ltr'><strong>‘quod</strong></span> 
     </span>
     <span class='ocr_line' id='line_1_37' title="bbox 209 2013 1714 2064; baseline -0.002 -14"><span class='ocrx_word' id='word_1_425' title='bbox 209 2028 328 2062; x_wconf 85' lang='lat' dir='ltr'><strong>neque</strong></span> <span class='ocrx_word' id='word_1_426' title='bbox 352 2016 475 2064; x_wconf 85' lang='lat' dir='ltr'><strong>negari</strong></span> <span class='ocrx_word' id='word_1_427' title='bbox 499 2028 617 2062; x_wconf 84' lang='lat' dir='ltr'><strong>neque</strong></span> <span class='ocrx_word' id='word_1_428' title='bbox 643 2017 789 2051; x_wconf 80' lang='lat' dir='ltr'><strong>defendi</strong></span> <span class='ocrx_word' id='word_1_429' title='bbox 813 2022 932 2061; x_wconf 84' lang='lat' dir='ltr'><strong>potest</strong></span> <span class='ocrx_word' id='word_1_430' title='bbox 955 2018 1000 2058; x_wconf 88' lang='lat'><strong>3,</strong></span> <span class='ocrx_word' id='word_1_431' title='bbox 1036 2016 1083 2059; x_wconf 89' lang='grc'><strong>6,</strong></span> <span class='ocrx_word' id='word_1_432' title='bbox 1111 2017 1169 2050; x_wconf 89' lang='grc'><strong>83.</strong></span> <span class='ocrx_word' id='word_1_433' title='bbox 1218 2013 1379 2059; x_wconf 84' lang='lat' dir='ltr'><strong>corrupti</strong></span> <span class='ocrx_word' id='word_1_434' title='bbox 1405 2013 1532 2063; x_wconf 88' lang='lat' dir='ltr'><strong>judicii</strong></span> <span class='ocrx_word' id='word_1_435' title='bbox 1563 2023 1714 2055; x_wconf 72' lang='lat' dir='ltr'><strong>crimine</strong></span> 
     </span>
     <span class='ocr_line' id='line_1_38' title="bbox 209 2058 1715 2108; baseline -0.003 -10"><span class='ocrx_word' id='word_1_436' title='bbox 209 2064 469 2098; x_wconf 84' lang='lat' dir='ltr'><strong>exheredatum</strong></span> <span class='ocrx_word' id='word_1_437' title='bbox 498 2064 540 2106; x_wconf 83' lang='lat'><strong>5,</strong></span> <span class='ocrx_word' id='word_1_438' title='bbox 575 2066 641 2106; x_wconf 89' lang='grc'><strong>13,</strong></span> <span class='ocrx_word' id='word_1_439' title='bbox 671 2065 731 2098; x_wconf 90' lang='grc'><strong>32.</strong></span> <span class='ocrx_word' id='word_1_440' title='bbox 778 2063 1004 2108; x_wconf 82' lang='lat' dir='ltr'><strong>quorundam</strong></span> <span class='ocrx_word' id='word_1_441' title='bbox 1030 2061 1187 2096; x_wconf 82' lang='lat' dir='ltr'><strong>facilitas</strong></span> <span class='ocrx_word' id='word_1_442' title='bbox 1214 2060 1425 2096; x_wconf 79' lang='lat' dir='ltr'><strong>temeritatis</strong></span> <span class='ocrx_word' id='word_1_443' title='bbox 1456 2070 1506 2094; x_wconf 89' lang='lat' dir='ltr'><strong>cr.</strong></span> <span class='ocrx_word' id='word_1_444' title='bbox 1535 2058 1715 2099; x_wconf 75' lang='lat' dir='ltr'><strong>laboravit</strong></span> 
     </span>
     <span class='ocr_line' id='line_1_39' title="bbox 211 2105 1715 2154; baseline -0.003 -10"><span class='ocrx_word' id='word_1_445' title='bbox 211 2114 269 2154; x_wconf 88' lang='grc'><strong>12,</strong></span> <span class='ocrx_word' id='word_1_446' title='bbox 293 2111 330 2154; x_wconf 88' lang='grc'><strong>9,</strong></span> <span class='ocrx_word' id='word_1_447' title='bbox 360 2108 414 2144; x_wconf 89' lang='grc'><strong>14.</strong></span> <span class='ocrx_word' id='word_1_448' title='bbox 447 2121 496 2144; x_wconf 88' lang='lat' dir='ltr'><strong>cr.</strong></span> <span class='ocrx_word' id='word_1_449' title='bbox 522 2110 715 2144; x_wconf 81' lang='lat' dir='ltr'><strong>manifesto</strong></span> <span class='ocrx_word' id='word_1_450' title='bbox 740 2115 923 2154; x_wconf 86' lang='lat' dir='ltr'><strong>prematur</strong></span> <span class='ocrx_word' id='word_1_451' title='bbox 947 2111 1003 2152; x_wconf 89' lang='grc'><strong>12,</strong></span> <span class='ocrx_word' id='word_1_452' title='bbox 1030 2111 1065 2152; x_wconf 92' lang='grc'><strong>1,</strong></span> <span class='ocrx_word' id='word_1_453' title='bbox 1090 2108 1149 2143; x_wconf 89' lang='grc'><strong>43.</strong></span> <span class='ocrx_word' id='word_1_454' title='bbox 1185 2107 1392 2143; x_wconf 86' lang='lat' dir='ltr'><strong>criminibus</strong></span> <span class='ocrx_word' id='word_1_455' title='bbox 1419 2105 1494 2140; x_wconf 88' lang='lat' dir='ltr'><strong>odii</strong></span> <span class='ocrx_word' id='word_1_456' title='bbox 1519 2112 1556 2141; x_wconf 89' lang='lat' dir='ltr'><strong>et</strong></span> <span class='ocrx_word' id='word_1_457' title='bbox 1575 2105 1715 2154; x_wconf 79' lang='lat' dir='ltr'><strong>gratiae</strong></span> 
     </span>
     <span class='ocr_line' id='line_1_40' title="bbox 210 2151 1715 2203; baseline -0.003 -13"><span class='ocrx_word' id='word_1_458' title='bbox 210 2156 262 2201; x_wconf 86' lang='lat' dir='ltr'><strong>(a.</strong></span> <span class='ocrx_word' id='word_1_459' title='bbox 289 2160 310 2191; x_wconf 89' lang='lat'><strong>1.</strong></span> <span class='ocrx_word' id='word_1_460' title='bbox 339 2154 472 2203; x_wconf 85' lang='lat' dir='ltr'><strong>gratia)</strong></span> <span class='ocrx_word' id='word_1_461' title='bbox 498 2162 630 2192; x_wconf 76' lang='lat' dir='ltr'><strong>vacant</strong></span> <span class='ocrx_word' id='word_1_462' title='bbox 654 2159 711 2199; x_wconf 89' lang='lat'><strong>10,</strong></span> <span class='ocrx_word' id='word_1_463' title='bbox 737 2159 769 2198; x_wconf 91' lang='lat'><strong>1,</strong></span> <span class='ocrx_word' id='word_1_464' title='bbox 794 2155 851 2191; x_wconf 87' lang='grc'><strong>34.</strong></span> <span class='ocrx_word' id='word_1_465' title='bbox 888 2169 919 2190; x_wconf 87' lang='lat' dir='ltr'><strong>v.</strong></span> <span class='ocrx_word' id='word_1_466' title='bbox 947 2154 1177 2199; x_wconf 87' lang='lat' dir='ltr'><strong>Suspicio.</strong></span> <span class='ocrx_word' id='word_1_467' title='bbox 1233 2154 1265 2196; x_wconf 75' lang='lat' dir='ltr'><strong>s)</strong></span> <span class='ocrx_word' id='word_1_468' title='bbox 1291 2167 1322 2188; x_wconf 85' lang='lat' dir='ltr'><strong>c.</strong></span> <span class='ocrx_word' id='word_1_469' title='bbox 1345 2155 1470 2188; x_wconf 77' lang='lat' dir='ltr'><strong>Aur-ib.</strong></span> <span class='ocrx_word' id='word_1_470' title='bbox 1518 2152 1554 2196; x_wconf 89' lang='lat' dir='ltr'><strong>a)</strong></span> <span class='ocrx_word' id='word_1_471' title='bbox 1573 2151 1715 2186; x_wconf 81' lang='lat' dir='ltr'><strong>abomi-</strong></span> 
     </span>
     <span class='ocr_line' id='line_1_41' title="bbox 210 2201 1714 2251; baseline -0.003 -15"><span class='ocrx_word' id='word_1_472' title='bbox 210 2203 329 2237; x_wconf 89' lang='lat' dir='ltr'><strong>nanda</strong></span> <span class='ocrx_word' id='word_1_473' title='bbox 352 2202 503 2237; x_wconf 85' lang='lat' dir='ltr'><strong>crimina</strong></span> <span class='ocrx_word' id='word_1_474' title='bbox 529 2204 572 2246; x_wconf 89' lang='lat'><strong>9,</strong></span> <span class='ocrx_word' id='word_1_475' title='bbox 595 2206 639 2243; x_wconf 88' lang='lat'><strong>2,</strong></span> <span class='ocrx_word' id='word_1_476' title='bbox 662 2204 722 2239; x_wconf 91' lang='grc'><strong>80.</strong></span> <span class='ocrx_word' id='word_1_477' title='bbox 761 2222 808 2229; x_wconf 83' lang='grc'>-</span> <span class='ocrx_word' id='word_1_478' title='bbox 833 2202 964 2237; x_wconf 86' lang='lat' dir='ltr'><strong>acerba</strong></span> <span class='ocrx_word' id='word_1_479' title='bbox 985 2202 1028 2244; x_wconf 82' lang='lat'><strong>6,</strong></span> <span class='ocrx_word' id='word_1_480' title='bbox 1052 2203 1099 2244; x_wconf 90' lang='grc'><strong>3,</strong></span> <span class='ocrx_word' id='word_1_481' title='bbox 1125 2203 1203 2235; x_wconf 90' lang='lat'><strong>100.</strong></span> <span class='ocrx_word' id='word_1_482' title='bbox 1230 2219 1286 2238; x_wconf 82' lang='grc'><strong>,--</strong></span> <span class='ocrx_word' id='word_1_483' title='bbox 1308 2201 1539 2251; x_wconf 41' lang='lat' dir='ltr'><strong>anteacta-7,</strong></span> <span class='ocrx_word' id='word_1_484' title='bbox 1562 2201 1626 2242; x_wconf 90' lang='grc'><strong>10,</strong></span> <span class='ocrx_word' id='word_1_485' title='bbox 1655 2201 1714 2238; x_wconf 80' lang='grc'><strong>12.</strong></span> 
     </span>
     <span class='ocr_line' id='line_1_42' title="bbox 209 2245 1716 2293; baseline -0.003 -11"><span class='ocrx_word' id='word_1_486' title='bbox 209 2265 255 2273; x_wconf 95' lang='grc'>-</span> <span class='ocrx_word' id='word_1_487' title='bbox 278 2260 444 2293; x_wconf 87' lang='lat' dir='ltr'><strong>asperum</strong></span> <span class='ocrx_word' id='word_1_488' title='bbox 468 2251 502 2293; x_wconf 83' lang='lat'><strong>5,</strong></span> <span class='ocrx_word' id='word_1_489' title='bbox 528 2251 584 2292; x_wconf 84' lang='lat'><strong>13,</strong></span> <span class='ocrx_word' id='word_1_490' title='bbox 611 2253 668 2284; x_wconf 91' lang='grc'><strong>17.</strong></span> <span class='ocrx_word' id='word_1_491' title='bbox 704 2267 750 2274; x_wconf 90' lang='grc'>-</span> <span class='ocrx_word' id='word_1_492' title='bbox 772 2249 1001 2284; x_wconf 79' lang='lat' dir='ltr'><strong>manifestum</strong></span> <span class='ocrx_word' id='word_1_493' title='bbox 1027 2251 1084 2291; x_wconf 89' lang='lat'><strong>12,</strong></span> <span class='ocrx_word' id='word_1_494' title='bbox 1109 2250 1143 2290; x_wconf 90' lang='lat'><strong>1,</strong></span> <span class='ocrx_word' id='word_1_495' title='bbox 1167 2245 1226 2281; x_wconf 87' lang='lat'><strong>43.</strong></span> <span class='ocrx_word' id='word_1_496' title='bbox 1261 2265 1312 2273; x_wconf 87' lang='lat'><strong>--</strong></span> <span class='ocrx_word' id='word_1_497' title='bbox 1333 2246 1484 2290; x_wconf 71' lang='lat' dir='ltr'><strong>persecu</strong></span> <span class='ocrx_word' id='word_1_498' title='bbox 1510 2257 1589 2289; x_wconf 83' lang='lat' dir='ltr'><strong>opp.</strong></span> <span class='ocrx_word' id='word_1_499' title='bbox 1613 2245 1716 2279; x_wconf 85' lang='lat' dir='ltr'><strong>velut</strong></span> 
     </span>
     <span class='ocr_line' id='line_1_43' title="bbox 209 2289 1716 2339; baseline -0.002 -11"><span class='ocrx_word' id='word_1_500' title='bbox 209 2295 399 2339; x_wconf 86' lang='lat' dir='ltr'><strong>pendentis</strong></span> <span class='ocrx_word' id='word_1_501' title='bbox 424 2301 460 2330; x_wconf 91' lang='lat' dir='ltr'><strong>et</strong></span> <span class='ocrx_word' id='word_1_502' title='bbox 483 2296 601 2330; x_wconf 88' lang='lat' dir='ltr'><strong>adhuc</strong></span> <span class='ocrx_word' id='word_1_503' title='bbox 626 2295 665 2329; x_wconf 91' lang='lat' dir='ltr'><strong>in</strong></span> <span class='ocrx_word' id='word_1_504' title='bbox 689 2295 904 2330; x_wconf 86' lang='lat' dir='ltr'><strong>condicione</strong></span> <span class='ocrx_word' id='word_1_505' title='bbox 931 2293 1039 2339; x_wconf 85' lang='lat' dir='ltr'><strong>positi</strong></span> <span class='ocrx_word' id='word_1_506' title='bbox 1062 2297 1098 2336; x_wconf 91' lang='grc'><strong>7,</strong></span> <span class='ocrx_word' id='word_1_507' title='bbox 1119 2291 1157 2336; x_wconf 88' lang='lat'><strong>4,</strong></span> <span class='ocrx_word' id='word_1_508' title='bbox 1179 2295 1238 2327; x_wconf 91' lang='grc'><strong>27.</strong></span> <span class='ocrx_word' id='word_1_509' title='bbox 1284 2289 1321 2335; x_wconf 89' lang='lat' dir='ltr'><strong>b)</strong></span> <span class='ocrx_word' id='word_1_510' title='bbox 1346 2304 1375 2325; x_wconf 82' lang='lat' dir='ltr'><strong>c.</strong></span> <span class='ocrx_word' id='word_1_511' title='bbox 1401 2292 1534 2334; x_wconf 58' lang='lat' dir='ltr'><strong>Genflu·</strong></span> <span class='ocrx_word' id='word_1_512' title='bbox 1561 2291 1716 2325; x_wconf 88' lang='lat' dir='ltr'><strong>duorum</strong></span> 
     </span>
     <span class='ocr_line' id='line_1_44' title="bbox 211 2337 1717 2386; baseline -0.001 -12"><span class='ocrx_word' id='word_1_513' title='bbox 211 2341 347 2375; x_wconf 86' lang='lat' dir='ltr'><strong>crimen</strong></span> <span class='ocrx_word' id='word_1_514' title='bbox 377 2342 426 2386; x_wconf 85' lang='lat' dir='ltr'><strong>(a.</strong></span> <span class='ocrx_word' id='word_1_515' title='bbox 443 2345 464 2380; x_wconf 84' lang='lat' dir='ltr'><strong>l.</strong></span> <span class='ocrx_word' id='word_1_516' title='bbox 491 2340 614 2385; x_wconf 88' lang='lat' dir='ltr'><strong>discr.)</strong></span> <span class='ocrx_word' id='word_1_517' title='bbox 640 2353 720 2376; x_wconf 84' lang='lat' dir='ltr'><strong>esse</strong></span> <span class='ocrx_word' id='word_1_518' title='bbox 738 2341 953 2376; x_wconf 85' lang='lat' dir='ltr'><strong>adulterimn</strong></span> <span class='ocrx_word' id='word_1_519' title='bbox 975 2343 1012 2382; x_wconf 93' lang='grc'><strong>7,</strong></span> <span class='ocrx_word' id='word_1_520' title='bbox 1035 2342 1070 2382; x_wconf 90' lang='grc'><strong>2,</strong></span> <span class='ocrx_word' id='word_1_521' title='bbox 1095 2341 1152 2374; x_wconf 83' lang='grc'><strong>52.</strong></span> <span class='ocrx_word' id='word_1_522' title='bbox 1182 2338 1318 2372; x_wconf 87' lang='lat' dir='ltr'><strong>crimen</strong></span> <span class='ocrx_word' id='word_1_523' title='bbox 1338 2338 1507 2371; x_wconf 71' lang='lat' dir='ltr'><strong>fortunae</strong></span> <span class='ocrx_word' id='word_1_524' title='bbox 1523 2337 1559 2379; x_wconf 90' lang='lat'><strong>6,</strong></span> <span class='ocrx_word' id='word_1_525' title='bbox 1582 2337 1642 2372; x_wconf 79' lang='lat' dir='ltr'><strong>Pr.</strong></span> <span class='ocrx_word' id='word_1_526' title='bbox 1659 2338 1717 2372; x_wconf 82' lang='grc'><strong>13.</strong></span> 
     </span>
     <span class='ocr_line' id='line_1_45' title="bbox 209 2381 1715 2432; baseline -0.003 -12"><span class='ocrx_word' id='word_1_527' title='bbox 209 2406 256 2412; x_wconf 91' lang='lat'><strong>-—</strong></span> <span class='ocrx_word' id='word_1_528' title='bbox 280 2388 439 2431; x_wconf 84' lang='lat' dir='ltr'><strong>corrupti</strong></span> <span class='ocrx_word' id='word_1_529' title='bbox 464 2388 587 2431; x_wconf 88' lang='lat' dir='ltr'><strong>judicii</strong></span> <span class='ocrx_word' id='word_1_530' title='bbox 612 2388 652 2431; x_wconf 86' lang='lat'><strong>5,</strong></span> <span class='ocrx_word' id='word_1_531' title='bbox 687 2390 752 2432; x_wconf 83' lang='lat'><strong>13,</strong></span> <span class='ocrx_word' id='word_1_532' title='bbox 781 2390 839 2423; x_wconf 89' lang='lat'><strong>32.</strong></span> <span class='ocrx_word' id='word_1_533' title='bbox 879 2404 925 2412; x_wconf 92' lang='lat'><em>-</em></span> <span class='ocrx_word' id='word_1_534' title='bbox 949 2385 1023 2420; x_wconf 90' lang='lat' dir='ltr'><strong>odii</strong></span> <span class='ocrx_word' id='word_1_535' title='bbox 1047 2391 1084 2419; x_wconf 88' lang='lat' dir='ltr'><strong>et</strong></span> <span class='ocrx_word' id='word_1_536' title='bbox 1111 2384 1246 2432; x_wconf 82' lang='lat' dir='ltr'><strong>gratiae</strong></span> <span class='ocrx_word' id='word_1_537' title='bbox 1274 2386 1336 2427; x_wconf 91' lang='lat'><strong>10,</strong></span> <span class='ocrx_word' id='word_1_538' title='bbox 1368 2385 1412 2426; x_wconf 89' lang='lat'><strong>1,</strong></span> <span class='ocrx_word' id='word_1_539' title='bbox 1443 2381 1502 2418; x_wconf 87' lang='lat'><strong>34.</strong></span> <span class='ocrx_word' id='word_1_540' title='bbox 1541 2393 1611 2418; x_wconf 84' lang='lat' dir='ltr'><strong>nec</strong></span> <span class='ocrx_word' id='word_1_541' title='bbox 1636 2391 1715 2417; x_wconf 79' lang='lat' dir='ltr'><strong>sine</strong></span> 
     </span>
     <span class='ocr_line' id='line_1_46' title="bbox 212 2429 1717 2477; baseline -0.003 -11"><span class='ocrx_word' id='word_1_542' title='bbox 212 2432 360 2466; x_wconf 89' lang='lat' dir='ltr'><strong>crimine</strong></span> <span class='ocrx_word' id='word_1_543' title='bbox 385 2434 541 2467; x_wconf 86' lang='lat' dir='ltr'><strong>sordium</strong></span> <span class='ocrx_word' id='word_1_544' title='bbox 568 2438 625 2477; x_wconf 90' lang='lat'><strong>12,</strong></span> <span class='ocrx_word' id='word_1_545' title='bbox 649 2437 685 2477; x_wconf 92' lang='lat'><strong>7,</strong></span> <span class='ocrx_word' id='word_1_546' title='bbox 708 2435 745 2470; x_wconf 93' lang='lat'><strong>9.</strong></span> <span class='ocrx_word' id='word_1_547' title='bbox 781 2431 953 2468; x_wconf 87' lang='lat' dir='ltr'><strong>tarditatis</strong></span> <span class='ocrx_word' id='word_1_548' title='bbox 978 2448 1021 2456; x_wconf 91' lang='lat'>-</span> <span class='ocrx_word' id='word_1_549' title='bbox 1044 2429 1253 2465; x_wconf 85' lang='lat' dir='ltr'><strong>temeritatis</strong></span> <span class='ocrx_word' id='word_1_550' title='bbox 1275 2442 1326 2465; x_wconf 86' lang='lat' dir='ltr'><strong>cr.</strong></span> <span class='ocrx_word' id='word_1_551' title='bbox 1350 2431 1406 2472; x_wconf 92' lang='lat'><strong>12,</strong></span> <span class='ocrx_word' id='word_1_552' title='bbox 1430 2429 1466 2472; x_wconf 83' lang='lat'><strong>9,</strong></span> <span class='ocrx_word' id='word_1_553' title='bbox 1491 2429 1548 2464; x_wconf 86' lang='grc'><strong>14.</strong></span> <span class='ocrx_word' id='word_1_554' title='bbox 1574 2446 1621 2456; x_wconf 93' lang='lat'><em>-</em></span> <span class='ocrx_word' id='word_1_555' title='bbox 1637 2439 1717 2462; x_wconf 76' lang='lat' dir='ltr'><strong>ms-</strong></span> 
     </span>
     <span class='ocr_line' id='line_1_47' title="bbox 210 2470 1728 2524; baseline -0.001 -13"><span class='ocrx_word' id='word_1_556' title='bbox 210 2479 268 2512; x_wconf 86' lang='lat' dir='ltr'><strong>lae</strong></span> <span class='ocrx_word' id='word_1_557' title='bbox 292 2479 513 2514; x_wconf 87' lang='lat' dir='ltr'><strong>tractationis</strong></span> <span class='ocrx_word' id='word_1_558' title='bbox 537 2483 573 2523; x_wconf 95' lang='lat'><strong>7,</strong></span> <span class='ocrx_word' id='word_1_559' title='bbox 597 2480 634 2524; x_wconf 89' lang='lat'><strong>4,</strong></span> <span class='ocrx_word' id='word_1_560' title='bbox 658 2481 717 2515; x_wconf 88' lang='lat'><strong>26.</strong></span> <span class='ocrx_word' id='word_1_561' title='bbox 750 2500 799 2507; x_wconf 94' lang='lat'><strong>—-</strong></span> <span class='ocrx_word' id='word_1_562' title='bbox 823 2476 1051 2524; x_wconf 87' lang='lat' dir='ltr'><strong>turpitudinis</strong></span> <span class='ocrx_word' id='word_1_563' title='bbox 1074 2479 1111 2521; x_wconf 93' lang='lat'><strong>2,</strong></span> <span class='ocrx_word' id='word_1_564' title='bbox 1134 2479 1170 2518; x_wconf 94' lang='lat'><strong>2,</strong></span> <span class='ocrx_word' id='word_1_565' title='bbox 1196 2475 1251 2511; x_wconf 88' lang='lat'><strong>14.</strong></span> <span class='ocrx_word' id='word_1_566' title='bbox 1282 2493 1328 2500; x_wconf 88' lang='lat'>—</span> <span class='ocrx_word' id='word_1_567' title='bbox 1342 2470 1512 2510; x_wconf 77' lang='lat' dir='ltr'><strong>veneficii</strong></span> <span class='ocrx_word' id='word_1_568' title='bbox 1534 2474 1569 2518; x_wconf 88' lang='lat'><strong>5,</strong></span> <span class='ocrx_word' id='word_1_569' title='bbox 1593 2476 1630 2518; x_wconf 90' lang='lat'><strong>7,</strong></span> <span class='ocrx_word' id='word_1_570' title='bbox 1654 2475 1728 2510; x_wconf 60' lang='lat'><strong>37:</strong></span> 
     </span>
    </p>
   </div>
   <div class='ocr_carea' id='block_1_5' title="bbox 166 2531 1728 2901">
    <p class='ocr_par' dir='ltr' id='par_1_5' title="bbox 166 2531 1728 2901">
     <span class='ocr_line' id='line_1_48' title="bbox 167 2531 1728 2596; baseline 0.003 -21"><span class='ocrx_word' id='word_1_571' title='bbox 167 2531 400 2575; x_wconf 75' lang='lat' dir='ltr'><strong>criminor.</strong></span> <span class='ocrx_word' id='word_1_572' title='bbox 444 2547 588 2590; x_wconf 74' lang='lat' dir='ltr'><strong>quidam</strong></span> <span class='ocrx_word' id='word_1_573' title='bbox 611 2566 656 2573; x_wconf 88' lang='grc'><strong>-.</strong></span> <span class='ocrx_word' id='word_1_574' title='bbox 684 2554 868 2590; x_wconf 70' lang='lat' dir='ltr'><strong>auctores,</strong></span> <span class='ocrx_word' id='word_1_575' title='bbox 899 2556 990 2591; x_wconf 81' lang='lat' dir='ltr'><strong>quos</strong></span> <span class='ocrx_word' id='word_1_576' title='bbox 1016 2545 1247 2591; x_wconf 86' lang='lat' dir='ltr'><strong>praelegunt,</strong></span> <span class='ocrx_word' id='word_1_577' title='bbox 1280 2542 1513 2578; x_wconf 86' lang='lat' dir='ltr'><strong>criminantur</strong></span> <span class='ocrx_word' id='word_1_578' title='bbox 1534 2544 1569 2586; x_wconf 85' lang='lat'><strong>1,</strong></span> <span class='ocrx_word' id='word_1_579' title='bbox 1592 2541 1627 2586; x_wconf 83' lang='lat'><strong>5,</strong></span> <span class='ocrx_word' id='word_1_580' title='bbox 1654 2543 1728 2596; x_wconf 74' lang='lat'><strong>11-¹</strong></span> 
     </span>
     <span class='ocr_line' id='line_1_49' title="bbox 211 2591 1728 2634; baseline 0.001 -10"><span class='ocrx_word' id='word_1_581' title='bbox 211 2591 264 2625; x_wconf 86' lang='lat' dir='ltr'><strong>nti</strong></span> <span class='ocrx_word' id='word_1_582' title='bbox 288 2591 395 2625; x_wconf 80' lang='lat' dir='ltr'><strong>etiam</strong></span> <span class='ocrx_word' id='word_1_583' title='bbox 421 2593 519 2627; x_wconf 72' lang='lat' dir='ltr'><strong>vitiis</strong></span> <span class='ocrx_word' id='word_1_584' title='bbox 542 2594 747 2629; x_wconf 86' lang='lat' dir='ltr'><strong>rhetoricen</strong></span> <span class='ocrx_word' id='word_1_585' title='bbox 770 2593 1002 2629; x_wconf 86' lang='lat' dir='ltr'><strong>criminantur</strong></span> <span class='ocrx_word' id='word_1_586' title='bbox 1025 2593 1060 2634; x_wconf 89' lang='grc'><strong>2,</strong></span> <span class='ocrx_word' id='word_1_587' title='bbox 1092 2593 1148 2634; x_wconf 87' lang='grc'><strong>17,</strong></span> <span class='ocrx_word' id='word_1_588' title='bbox 1175 2591 1232 2626; x_wconf 90' lang='grc'><strong>26.</strong></span> <span class='ocrx_word' id='word_1_589' title='bbox 1723 2632 1728 2633; x_wconf 19' lang='lat'><em>⁷</em></span> 
     </span>
     <span class='ocr_line' id='line_1_50' title="bbox 167 2635 1675 2694; baseline 0.001 -16"><span class='ocrx_word' id='word_1_590' title='bbox 167 2635 454 2679; x_wconf 82' lang='lat' dir='ltr'><strong>CriminosuS·</strong></span> <span class='ocrx_word' id='word_1_591' title='bbox 502 2652 599 2694; x_wconf 84' lang='lat' dir='ltr'><strong>quod</strong></span> <span class='ocrx_word' id='word_1_592' title='bbox 623 2651 668 2684; x_wconf 84' lang='lat' dir='ltr'><strong>sit</strong></span> <span class='ocrx_word' id='word_1_593' title='bbox 694 2653 806 2687; x_wconf 82' lang='lat' dir='ltr'><strong>leve</strong></span> <span class='ocrx_word' id='word_1_594' title='bbox 831 2655 893 2685; x_wconf 86' lang='lat' dir='ltr'><strong>aut</strong></span> <span class='ocrx_word' id='word_1_595' title='bbox 914 2650 1015 2683; x_wconf 91' lang='lat' dir='ltr'><strong>nullo</strong></span> <span class='ocrx_word' id='word_1_596' title='bbox 1037 2649 1147 2682; x_wconf 92' lang='lat' dir='ltr'><strong>modo</strong></span> <span class='ocrx_word' id='word_1_597' title='bbox 1172 2647 1471 2682; x_wconf 88' lang='lat' dir='ltr'><strong>criminosum</strong></span> <span class='ocrx_word' id='word_1_598' title='bbox 1493 2645 1530 2688; x_wconf 91' lang='lat'><strong>9,</strong></span> <span class='ocrx_word' id='word_1_599' title='bbox 1553 2645 1589 2688; x_wconf 86' lang='lat'><strong>2,</strong></span> <span class='ocrx_word' id='word_1_600' title='bbox 1614 2646 1675 2680; x_wconf 85' lang='lat'><strong>23.</strong></span> 
     </span>
     <span class='ocr_line' id='line_1_51' title="bbox 166 2692 1714 2752; baseline 0.001 -17"><span class='ocrx_word' id='word_1_601' title='bbox 166 2692 369 2735; x_wconf 71' lang='lat' dir='ltr'><strong>criticus.</strong></span> <span class='ocrx_word' id='word_1_602' title='bbox 418 2708 645 2752; x_wconf 68' lang='lat' dir='ltr'><strong>grammatice</strong></span> <span class='ocrx_word' id='word_1_603' title='bbox 668 2726 716 2734; x_wconf 76' lang='lat'><strong>—.</strong></span> <span class='ocrx_word' id='word_1_604' title='bbox 738 2707 857 2742; x_wconf 64' lang='lat' dir='ltr'><strong>tennis</strong></span> <span class='ocrx_word' id='word_1_605' title='bbox 881 2716 902 2741; x_wconf 75' lang='lat' dir='ltr'><strong>a</strong></span> <span class='ocrx_word' id='word_1_606' title='bbox 930 2707 1052 2748; x_wconf 74' lang='lat' dir='ltr'><strong>fonte,</strong></span> <span class='ocrx_word' id='word_1_607' title='bbox 1090 2704 1255 2739; x_wconf 76' lang='lat' dir='ltr'><strong>assumtis</strong></span> <span class='ocrx_word' id='word_1_608' title='bbox 1286 2702 1540 2738; x_wconf 70' lang='lat' dir='ltr'><strong>historicorum</strong></span> <span class='ocrx_word' id='word_1_609' title='bbox 1568 2701 1714 2737; x_wconf 58' lang='lat' dir='ltr'><strong>critico*</strong></span> 
     </span>
     <span class='ocr_line' id='line_1_52' title="bbox 211 2747 1712 2798; baseline -0.002 -13"><span class='ocrx_word' id='word_1_610' title='bbox 211 2763 367 2797; x_wconf 82' lang='lat' dir='ltr'><strong>rumque</strong></span> <span class='ocrx_word' id='word_1_611' title='bbox 392 2752 456 2792; x_wconf 77' lang='lat' dir='ltr'><strong>(sic</strong></span> <span class='ocrx_word' id='word_1_612' title='bbox 479 2756 523 2786; x_wconf 90' lang='grc' dir='ltr'><strong>Ζ.</strong></span> <span class='ocrx_word' id='word_1_613' title='bbox 554 2765 597 2787; x_wconf 81' lang='lat' dir='ltr'><strong>ex</strong></span> <span class='ocrx_word' id='word_1_614' title='bbox 621 2760 704 2798; x_wconf 73' lang='lat' dir='ltr'><strong>opu.</strong></span> <span class='ocrx_word' id='word_1_615' title='bbox 732 2756 862 2797; x_wconf 78' lang='lat' dir='ltr'><strong>Codd.‚·</strong></span> <span class='ocrx_word' id='word_1_616' title='bbox 890 2755 958 2798; x_wconf 85' lang='lat' dir='ltr'><strong>Sp.</strong></span> <span class='ocrx_word' id='word_1_617' title='bbox 985 2754 1172 2797; x_wconf 70' lang='lat' dir='ltr'><strong>poetarum</strong></span> <span class='ocrx_word' id='word_1_618' title='bbox 1194 2747 1532 2795; x_wconf 77' lang='lat' dir='ltr'><strong>historicorumque)</strong></span> <span class='ocrx_word' id='word_1_619' title='bbox 1560 2747 1712 2791; x_wconf 81' lang='lat' dir='ltr'><strong>viribus,</strong></span> 
     </span>
     <span class='ocr_line' id='line_1_53' title="bbox 212 2797 1521 2843; baseline 0.004 -12"><span class='ocrx_word' id='word_1_620' title='bbox 212 2799 321 2842; x_wconf 83' lang='lat' dir='ltr'><strong>pleno</strong></span> <span class='ocrx_word' id='word_1_621' title='bbox 346 2798 417 2840; x_wconf 80' lang='lat' dir='ltr'><strong>iam</strong></span> <span class='ocrx_word' id='word_1_622' title='bbox 439 2797 524 2833; x_wconf 82' lang='lat' dir='ltr'><strong>satis</strong></span> <span class='ocrx_word' id='word_1_623' title='bbox 552 2799 658 2834; x_wconf 84' lang='lat' dir='ltr'><strong>alveo</strong></span> <span class='ocrx_word' id='word_1_624' title='bbox 685 2798 763 2833; x_wconf 87' lang='lat' dir='ltr'><strong>fluit</strong></span> <span class='ocrx_word' id='word_1_625' title='bbox 785 2803 822 2843; x_wconf 92' lang='lat'><strong>2,</strong></span> <span class='ocrx_word' id='word_1_626' title='bbox 845 2803 880 2842; x_wconf 89' lang='lat'><strong>1,</strong></span> <span class='ocrx_word' id='word_1_627' title='bbox 902 2798 927 2834; x_wconf 89' lang='lat'><strong>4</strong></span> <span class='ocrx_word' id='word_1_628' title='bbox 951 2800 990 2835; x_wconf 82' lang='lat' dir='ltr'><strong>S.</strong></span> <span class='ocrx_word' id='word_1_629' title='bbox 1513 2804 1521 2806; x_wconf 61' lang='grc'><strong><em>’</em></strong></span> 
     </span>
     <span class='ocr_line' id='line_1_54' title="bbox 168 2841 763 2901; baseline 0.003 -17"><span class='ocrx_word' id='word_1_630' title='bbox 168 2841 483 2886; x_wconf 73' lang='lat' dir='ltr'><strong>Crocodilin‘ae.</strong></span> <span class='ocrx_word' id='word_1_631' title='bbox 528 2859 560 2898; x_wconf 86' lang='lat'><strong>1,</strong></span> <span class='ocrx_word' id='word_1_632' title='bbox 586 2857 644 2901; x_wconf 86' lang='lat'><strong>10,</strong></span> <span class='ocrx_word' id='word_1_633' title='bbox 669 2856 691 2892; x_wconf 79' lang='lat'><em>5</em></span> <span class='ocrx_word' id='word_1_634' title='bbox 715 2856 763 2893; x_wconf 84' lang='lat' dir='ltr'><strong>N.</strong></span> 
     </span>
    </p>
   </div>
  </div>
 </body>
</html>
