1728 3002
818 154 943 199 Duco
1569 159 1651 199 265

95 299 97 301 .
166 278 245 304 non
270 268 503 306 humanitatis
538 270 656 306 solum
683 268 866 305 communi
892 269 1020 304 ductus
1049 266 1195 312 officio,
1234 269 1302 304 ned
1333 278 1457 304 amore
1497 270 1654 314 quodam

165 314 287 360 operis
313 318 369 360 12,
396 319 453 360 11,
479 316 514 352 5.
539 333 585 341 --
605 314 716 350 nimia
748 314 919 350 novitatis
946 313 1141 360 cupiditate
1162 315 1200 358 9,
1223 317 1258 358 1,
1284 315 1339 350 18.
1366 314 1466 350 ducti
1487 315 1656 359 jucundi-

114 351 143 366 ⁸
165 366 238 396 tate
268 363 302 404 3,
328 365 362 405 1,
385 364 420 396 3.
444 379 490 386 -
515 361 705 397 occasione
743 362 884 396 dicendi
906 361 943 406 5,
971 363 1028 405 13,
1055 363 1112 397 31.
1146 362 1267 406 aliquo
1290 362 1418 395 ductus
1448 361 1571 396 officio
1597 365 1655 406 12,

162 410 200 450 2,
226 409 283 441 12.
308 418 376 451 an,
400 406 536 443 etiamsi
562 409 659 442 nulla
686 407 825 442 ratione
853 409 1016 442 ductus
1043 414 1119 451 est,
1142 406 1278 451 impetu
1300 413 1463 451 raptus
1486 408 1532 442 sit
1558 411 1595 451 7,
1618 411 1655 452 2,

165 451 224 487 44.
253 452 298 494 cfi
324 452 360 496 4,
383 455 419 497 2,
442 453 500 488 24.
525 454 622 489 ducti
647 454 770 499 specie
792 454 919 488 nitoris
942 455 979 498 8,
1001 456 1037 497 2,
1064 457 1122 490 17.
1156 453 1238 499 ipso
1261 453 1504 499 componendi
1527 454 1656 489 ductus

166 497 219 544 (α.
245 503 267 532 1.
291 499 433 544 durius)
459 500 580 535 studio
609 502 645 543 9,
671 500 707 543 4,
731 502 788 536 76.
818 502 864 535 Ν.
896 514 943 535 cr.

214 545 282 587 IV)
305 546 436 589 adjecto
459 548 550 580 initio
574 554 633 580 aut
657 550 792 589 origine.
839 548 889 589 α)
917 560 946 580 c.
970 547 1065 580 Adn-
1087 547 1225 589 unde:
1259 544 1320 580 Ad
1346 544 1500 590 aliquid,
1536 547 1656 580 unde

167 590 295 624 ductae
331 591 514 627 translatio
544 598 580 627 et
611 592 841 638 comparatiO.
876 595 911 635 3,
938 592 974 636 6,
1002 593 1060 627 23.
1094 591 1191 639 Quid
1222 591 1269 626 sit
1302 597 1436 634 status,
1469 596 1504 626 et
1538 593 1658 627 unde

167 636 319 670 ducatur
359 638 418 682 (a.
458 642 481 671 1.
522 637 620 682 dic.)
670 641 712 673 ib.
747 641 767 673 1
803 639 852 672 N.
902 637 947 680 cs.
983 641 1022 681 1,
1054 638 1097 682 6,
1127 639 1186 675 29.
1243 637 1442 672 aliunde
1481 637 1659 684 originem

166 681 302 716 ducunt
330 686 372 727 1,
396 683 439 727 6,
465 685 522 718 38.
569 684 618 728 β)
644 698 673 719 c.
701 688 866 728 Praepos.
892 687 959 718 ab:
995 685 1174 719 ducuntur
1199 689 1407 732 argumenta
1430 695 1452 718 a
1478 685 1658 728 personis,

165 728 305 771 causis,
337 729 429 764 locis
463 737 525 763 etc.
560 731 595 773 5,
621 733 678 774 10,
702 730 760 767 94.
786 730 833 772 cs.
861 733 905 764 ib.
932 733 988 764 23.
1013 733 1049 773 7,
1073 733 1109 774 2,
1134 733 1193 765 31.
1233 730 1523 766 benevolentiam
1552 736 1613 764 aut
1637 743 1658 765 a

164 774 328 817 personis
362 775 600 819 ducimus,
633 782 693 810 aut
729 789 750 810 a
780 776 895 811 causis
930 775 1186 819 accipimus
1215 775 1252 819 4,
1282 779 1316 820 ¹,
1337 777 1374 812 6.
1401 777 1544 810 ducitur
1567 787 1659 811 con-

165 819 301 862 jectura
329 832 351 855 a
374 821 574 865 praeteritis
599 825 634 865 7,
660 826 695 866 2,
722 826 780 858 27.
814 822 899 856 duci
921 822 1111 856 exordium
1134 834 1155 856 a
1176 829 1301 856 nostra
1322 833 1479 866 persona
1502 825 1540 865 3,
1563 823 1601 866 8,
1625 824 1661 858 8.

164 864 208 908 4,
238 868 283 909 1²,
303 869 339 901 7.
375 866 569 912 Chrysippi
594 867 675 902 finis
698 868 761 902 ille
803 867 1031 912 (rhetorices)
1064 869 1189 903 ductus
1213 880 1234 902 a
1257 867 1432 902 Cleanthe
1458 871 1494 911 2,
1519 868 1576 910 15,
1601 870 1659 903 35.

166 909 258 951 illud
278 922 391 958 genus
419 913 642 957 (servorum),
666 915 764 959 quod
790 915 985 948 ducebatur
1008 925 1031 948 a
1058 914 1203 949 domino
1230 917 1263 957 1,
1287 913 1324 957 4,
1349 915 1407 948 26.
1434 925 1456 947 a
1479 914 1574 948 lacte
1599 925 1662 948 cu-

166 955 296 1000 nisque
323 957 470 992 initium
497 958 597 992 ducit
628 964 662 1002 1,
687 964 720 1003 1,
752 963 811 994 21.
837 972 870 994 v.
894 960 1099 994 Initium.
1125 971 1258 994 nomen
1293 971 1315 994 a
1341 960 1482 994 Graeco
1517 961 1664 994 ductum

169 1003 205 1044 1,
228 1003 265 1044 6,
293 1004 349 1036 13.
383 1003 429 1044 cf.
453 1005 488 1046 3,
511 1007 608 1047 7,-1.
640 1007 676 1047 5,
699 1008 756 1047 10,
779 1006 815 1040 6.
857 1005 980 1049 opinio
1010 1006 1187 1053 originem
1219 1006 1272 1040 ab
1309 1006 1468 1040 Isocrate
1499 1006 1604 1040 duxit
1624 1009 1663 1050 2,

146 1045 228 1090 15,
249 1045 285 1081 4.
309 1058 331 1081 a
354 1049 550 1095 longinqua
579 1049 809 1086 similitudine
840 1051 968 1086 ductae
1006 1052 1278 1096 (translationes)
1309 1053 1347 1094 8,
1369 1052 1405 1095 6,
1435 1055 1493 1086 17.
1551 1052 1596 1098 7)
1633 1065 1664 1087 c·

166 1095 331 1136 stupes.
355 1106 419 1128 ex:
456 1106 477 1129 e
501 1094 560 1139 (a.
586 1099 609 1129 1.
633 1096 719 1139 om.)
743 1099 820 1132 luto
840 1109 928 1133 vasa
951 1098 1105 1132 ducendi
1129 1104 1241 1132 artem
1271 1100 1306 1140 2,
1333 1100 1391 1140 17,
1419 1099 1442 1132 3
1471 1097 1517 1131 Ν.
1544 1110 1592 1132 cr.
1617 1097 1664 1139 ej}

165 1139 293 1173 eadem
315 1149 398 1174 cera
410 1140 500 1174 aliae
517 1147 624 1186 atque
642 1143 733 1177 aliae
756 1142 807 1187 (ιι.
825 1147 848 1176 1.
866 1143 905 1176 in
918 1143 1005 1178 alias
1024 1149 1131 1187 atque
1150 1144 1254 1186 alias)
1278 1144 1419 1177 formae
1442 1143 1527 1177 duci
1544 1145 1664 1178 solent

166 1185 227 1227 10,
245 1185 280 1226 5,
292 1185 316 1220 9
329 1187 400 1218 Nm
413 1199 463 1228 r.‚-
487 1185 620 1231 aliquid
635 1198 712 1221 non
727 1199 780 1222 ex
797 1187 976 1222 communi
992 1189 1133 1223 ratione
1148 1190 1294 1223 ductum
1312 1189 1346 1231 5,
1372 1189 1408 1231 8,
1427 1188 1463 1223 6.
1480 1201 1500 1223 e
1518 1195 1664 1223 contra-

164 1228 223 1263 rio
245 1229 359 1265 ductis
379 1229 417 1273 4,
433 1234 467 1274 1,
487 1230 543 1265 14.
563 1233 694 1276 omnia,
718 1244 809 1278 quae
833 1245 891 1268 ex
916 1235 1015 1268 facto
1033 1236 1213 1268 ducuntur
1238 1236 1273 1276 5,
1299 1235 1335 1278 9,
1365 1237 1420 1268 12.
1445 1245 1521 1268 non
1545 1235 1665 1270 omnia

169 1274 340 1309 ducentes
371 1286 426 1311 ex
457 1277 598 1312 Graeco
629 1281 665 1322 2,
691 1279 747 1322 14,
776 1282 808 1313 1.
845 1282 1031 1324 complura
1061 1281 1207 1323 dicunt,
1240 1281 1306 1314 sed
1336 1291 1394 1314 ex
1424 1280 1549 1324 paucis
1572 1282 1664 1316 locis

167 1320 275 1354 ducta
304 1324 340 1365 2,
366 1325 425 1366 17,
452 1323 509 1358 16.
546 1323 592 1365 cf.
628 1326 662 1368 5,
692 1327 748 1368 10,
775 1328 854 1360 102.
892 1327 930 1369 6,
954 1330 989 1370 2,
1018 1328 1076 1360 20.
1109 1327 1285 1370 quaedam
1314 1337 1361 1360 ex
1386 1327 1580 1361 occasione
1603 1329 1665 1362 vel

165 1376 216 1400 ex
238 1367 452 1402 necessitate
474 1369 637 1403 ducimus
667 1369 760 1414 (Sp.
788 1371 963 1415 dicimus)
995 1371 1031 1415 4,
1054 1373 1091 1415 3,
1119 1373 1164 1407 16
1188 1376 1230 1406 Ζ.
1270 1383 1328 1406 ex
1359 1372 1495 1416 scripto
1519 1374 1664 1417 ducere,

169 1413 266 1456 quod
290 1413 460 1458 scriptum
485 1425 561 1449 non
584 1421 640 1450 est
661 1419 704 1459 7,
728 1418 772 1459 8,
795 1417 839 1460 63
888 1429 944 1452 ex
978 1417 1249 1462 insequentibus
1274 1418 1500 1461 amplificatio
1525 1419 1667 1454 ducitur

167 1458 262 1502 8,,4,
288 1462 344 1494 17.
378 1471 474 1504 quae
503 1461 695 1505 appellatio
728 1461 859 1496 dicitur
884 1464 992 1503 ducta
1013 1466 1076 1498 vel
1107 1475 1164 1497 ex
1194 1474 1262 1506 e0‚
1298 1465 1396 1507 quod
1420 1472 1481 1498 etc.
1507 1466 1544 1508 3,
1568 1465 1603 1500 6.
1627 1465 1664 1500 4.

165 1510 414 1550 argumentum
435 1507 543 1540 ducet
568 1518 626 1541 ex
646 1507 725 1552 ipsa
746 1509 828 1555 lege
855 1510 890 1552 3,
914 1509 950 1551 6,
975 1512 1053 1543 102.
1080 1509 1124 1550 cs.
1165 1512 1200 1552 5,
1226 1509 1263 1553 7,
1286 1511 1342 1544 33.
1380 1510 1416 1553 6,
1442 1513 1476 1553 1,
1499 1510 1535 1544 4.
1569 1515 1604 1555 7,
1628 1515 1665 1555 2,

165 1550 224 1588 13.
241 1562 277 1585 v.
299 1551 653 1598 Argumentum.
684 1565 741 1588 ex
767 1565 837 1599 qua
859 1554 1123 1598 (cavillatione)
1149 1554 1279 1589 Graeci
1305 1556 1572 1591 controversias
1597 1558 1666 1591 du-

166 1599 258 1630 cunt
279 1599 316 1639 7,
337 1598 373 1640 9,
399 1596 436 1632 4.
462 1598 558 1640 loci,
581 1609 636 1633 ex
660 1599 789 1643 quibus
812 1601 902 1634 haec
925 1600 1019 1634 dicta
1047 1602 1225 1635 ducuntur
1247 1602 1284 1644 6,
1308 1603 1343 1644 3,
1367 1603 1426 1636 36.
1454 1601 1498 1643 cs.
1524 1605 1568 1636 ib.
1604 1604 1664 1639 46.

166 1643 390 1686 exemplum,
431 1645 528 1687 quod
556 1655 613 1679 ex
636 1645 785 1692 dialogis
811 1646 1079 1680 Socraticorum
1102 1647 1185 1680 duci
1208 1653 1328 1691 potest
1351 1649 1386 1690 5,
1410 1651 1445 1690 7,
1471 1649 1530 1683 28.
1556 1648 1603 1690 qs.
1629 1650 1665 1693 5,

169 1688 227 1729 11,
249 1688 286 1723 9.
310 1691 346 1731 7,
373 1689 409 1732 6,
432 1692 468 1724 7.
502 1689 549 1723 in
579 1691 677 1724 illam
699 1698 838 1736 partem
860 1698 1070 1736 sequentem
1100 1704 1158 1726 ex
1193 1693 1306 1737 priori
1330 1693 1419 1727 fides
1443 1694 1594 1729 ducatur
1630 1694 1667 1739 4,

168 1731 203 1773 5,
228 1734 283 1767 17.
306 1734 548 1770 annominatio
575 1754 623 1760 —-
645 1749 705 1771 ex
725 1738 861 1772 vicinia
885 1740 1036 1783 quadam
1057 1738 1231 1782 praedicti
1256 1739 1414 1773 nominis
1441 1741 1568 1784 ducta,
1606 1753 1668 1775 ca-

169 1777 268 1829 sibus
295 1780 492 1814 declinatur
518 1783 554 1824 9,
582 1783 618 1825 3,
639 1783 699 1818 66.
730 1783 872 1817 initium
899 1795 957 1818 ex
986 1785 1141 1818 lectione
1173 1786 1308 1818 ducunt
1335 1788 1369 1828 1,
1395 1786 1431 1828 9,
1456 1787 1490 1819 3.
1522 1798 1580 1821 ex
1609 1787 1667 1821 his

170 1829 371 1858 orationem
394 1827 556 1860 ducimus
587 1828 623 1870 6,
649 1831 686 1871 2,
711 1832 767 1863 17.
801 1830 979 1864 Gurdos
1003 1850 1047 1857 —
1072 1842 1133 1864 ex
1169 1830 1345 1875 Hispania
1370 1830 1519 1865 duxisse
1554 1833 1669 1879 origi-

168 1876 254 1918 ”9¹3¹
272 1872 311 1919 1,
336 1872 371 1912 5,
394 1872 451 1905 57.
475 1871 682 1917 (prooemia)
716 1880 752 1908 et
774 1877 884 1921 longe
907 1887 929 1909 a
949 1875 1098 1910 materia
1122 1876 1228 1919 duci,
1252 1894 1297 1901 —
1322 1882 1358 1910 et
1382 1888 1440 1910 ex
1469 1877 1590 1921 aliqua
1613 1878 1669 1913 rei

169 1923 303 1947 vicima
328 1916 364 1957 3,
391 1917 426 1957 8,
449 1917 485 1951 9.
514 1917 560 1958 «ff.
584 1917 620 1960 4,
649 1922 683 1962 1,
711 1922 768 1954 30.
795 1922 1023 1964 quaestiones
1048 1933 1106 1955 ex
1130 1933 1286 1966 persona
1307 1921 1475 1965 petitoris
1498 1924 1666 1958 duximus

170 1960 207 2000 7,
233 1960 267 2000 1,
292 1958 350 1992 54.
381 1965 422 1992 nt
455 1972 511 1994 ex
538 1969 664 1997 natura
697 1965 855 2008 ipsarum
879 1978 1000 2000 rerum
1032 1969 1223 2002 duceretur
1254 1968 1347 2001 ratio
1370 1969 1546 2002 suadendi
1569 1972 1605 2012 3,
1630 1971 1667 2013 8,

173 2002 230 2036 14.
260 2006 439 2046 quomodo
463 2017 523 2039 ex
548 2009 813 2050 quaestionibus
838 2012 1010 2046 ducemus
1035 2010 1254 2048 sententias?
1285 2012 1320 2055 4,
1350 2016 1384 2055 1,
1408 2013 1467 2047 24.
1498 2014 1543 2055 cf.
1569 2017 1604 2057 6,
1629 2018 1666 2059 3,

171 2048 231 2083 36.
250 2059 304 2082 ex
333 2051 592 2086 consuetudine
618 2053 913 2099 philosophorum
941 2058 1046 2091 ducta
1071 2058 1226 2092 servitus
1252 2061 1286 2098 7,
1311 2060 1346 2100 3,
1371 2058 1427 2092 16.
1460 2059 1667 2104 similitudo,

170 2105 265 2138 quae
289 2095 429 2129 ducitur
451 2107 506 2130 ex
532 2098 639 2133 rebus
665 2109 780 2142 paene
801 2101 946 2144 paribus
975 2103 1009 2145 5,
1032 2105 1092 2145 11,
1117 2106 1176 2136 22.
1205 2103 1238 2145 5,
1265 2105 1321 2144 13,
1350 2105 1421 2137 23.
1448 2115 1504 2138 ex
1526 2107 1669 2153 magni-

170 2139 294 2174 tudine
320 2152 440 2175 rerum
465 2142 629 2187 spiritum
651 2145 757 2178 ducat
780 2149 814 2188 1,
833 2148 869 2189 8,
895 2148 927 2181 5.
958 2153 1087 2181 statum
1109 2159 1250 2191 semper
1275 2149 1479 2183 ducendum
1502 2161 1559 2185 ex
1590 2153 1668 2196 pri-

170 2196 229 2219 ma
253 2187 462 2230 quaestione
488 2191 524 2232 3,
547 2190 583 2232 6,
607 2193 642 2224 7.
668 2189 714 2231 cs.
739 2194 774 2233 7,
801 2194 838 2234 8,
865 2193 899 2226 3.
935 2191 1087 2236 quorum
1113 2199 1282 2226 tractatus
1320 2205 1380 2228 ex
1411 2195 1491 2239 ipso
1518 2198 1668 2233 merito·-

158 2231 253 2265 ‘rum
275 2243 408 2278 genere
432 2235 610 2269 ducuntur
630 2239 668 2279 7,
690 2235 727 2279 4,
749 2239 808 2270 21.
834 2248 888 2272 ex
911 2238 1060 2272 historia
1082 2239 1214 2273 ducere
1227 2239 1467 2275 urbanitatem
1488 2243 1524 2285 6,
1546 2246 1582 2286 3,
1607 2246 1667 2280 98.

172 2278 327 2313 verbum
352 2290 409 2312 ex
433 2281 549 2315 verbo
571 2282 718 2315 ductum
745 2286 778 2325 1,
805 2283 841 2326 6,
863 2285 922 2318 28.
957 2295 1126 2318 casnar
1152 2295 1172 2318 e
1199 2285 1314 2319 Gallia
1339 2287 1485 2321 ductum
1510 2292 1543 2332 1,
1568 2291 1603 2331 5,
1626 2292 1666 2325 8.

219 2322 274 2366 V)
295 2328 409 2359 transl.
431 2328 455 2359 ἰ.
479 2339 511 2370 q.
549 2330 772 2363 existimo.-
811 2330 915 2364 vocis
939 2340 1051 2376 genus
1075 2330 1343 2365 exercitationis
1373 2333 1545 2376 optimum
1571 2337 1667 2370 duco

174 2368 234 2409 11,
256 2369 291 2409 3,
318 2369 375 2420 29.
404 2371 490 2414 quid
511 2378 583 2405 tam
609 2374 756 2420 dignum
783 2376 880 2408 culm
906 2387 947 2409 ac
974 2377 1097 2410 labore
1122 2377 1292 2410 ducamus
1318 2381 1354 2421 2,
1383 2379 1440 2422 16,
1466 2383 1522 2415 17.
1555 2381 1599 2422 ρίζ
1630 2385 1664 2425 1,

174 2411 210 2453 5,
239 2414 296 2445 11.
319 2415 452 2459 alloqui
474 2428 547 2451 non
569 2419 671 2462 pejus
699 2420 864 2454 duxerim
887 2421 976 2455 tardi
1002 2433 1081 2456 esse
1107 2421 1243 2469 ingenii
1267 2426 1301 2467 1,
1315 2426 1350 2467 3,
1369 2427 1405 2459 2.
1429 2430 1535 2470 turpe
1558 2428 1667 2462 ducet

175 2457 305 2491 cedere
329 2461 363 2502 1,
389 2463 425 2503 2,
450 2464 506 2496 21.
532 2465 715 2499 materiam
738 2466 883 2501 dicendi
904 2467 1031 2510 nobis,
1055 2469 1153 2512 quod
1179 2470 1367 2513 volumus,
1393 2471 1606 2506 ducentibus
1629 2474 1665 2516 5,

176 2502 303 2554 13,.42
326 2506 372 2539 N.
395 2516 465 2558 nec
487 2509 653 2560 duxerim
686 2512 747 2555 (α.
770 2516 793 2545 1.
819 2512 992 2555 dixerim)
1017 2515 1118 2548 nefas
1140 2515 1176 2558 4,
1198 2518 1236 2559 2,
1258 2516 1316 2551 85.
1337 2529 1370 2550 υ.
1385 2517 1542 2552 Nefas.
1574 2519 1665 2553 falsa

175 2553 213 2601 §tt
234 2559 427 2602 impropria
457 2560 607 2605 yirtujes
632 2558 803 2592 ducentes
829 2559 887 2602 (α.
911 2563 933 2593 l.
958 2558 1093 2595 virtute
1120 2560 1307 2606 dicentes)
1336 2565 1392 2605 12,
1424 2565 1480 2606 10,
1507 2563 1564 2598 42.
1589 2575 1659 2598 nec

174 2603 213 2627 tn
237 2605 396 2631 carmine
427 2605 517 2651 vitia
546 2601 707 2636 ducenda
733 2609 814 2637 sunt
844 2606 886 2648 1,
913 2605 960 2648 5,
986 2606 1042 2640 18.
1085 2604 1331 2654 [vigilandum
1363 2609 1491 2652 ducat,
1531 2609 1662 2644 iterum

174 2637 292 2692 (Anah
303 2654 331 2675 r.
360 2645 394 2675 1.
418 2654 512 2690 vig„
537 2646 747 2691 dicendum,
771 2660 849 2691 en.;
876 2651 964 2684 unde
986 2655 1031 2685 Ζ.
1060 2653 1200 2696 conjecit
1222 2655 1458 2696 studendum;
1500 2657 1660 2689 Ger-nh.

176 2686 419 2731 Judloandum)
442 2691 664 2737 enitendum,
689 2696 892 2738 pallendum
913 2699 950 2739 7,
974 2699 1032 2740 10,
1055 2697 1113 2733 14.
1137 2698 1220 2743 S.];
1247 2699 1377 2743 omnia,
1403 2711 1495 2744 quae
1516 2700 1555 2734 in
1584 2701 1663 2735 the-

177 2736 272 2766 mate
293 2743 370 2768 non
392 2742 486 2780 sunt,
511 2748 592 2781 pro
618 2740 722 2774 nobis
742 2740 902 2776 ducimus
920 2745 956 2786 7,
973 2745 1008 2787 2,
1028 2741 1084 2779 54.
1113 2743 1286 2789 (signum)
1310 2745 1440 2780 ceteris
1458 2746 1661 2790 adjunctum
