1728 3002
142 231 223 271 238
676 226 820 283 Digne
858 221 922 258 -’
952 227 1152 285 Dignitas

187 342 373 389 proximus
405 345 451 377 tb.
484 344 565 376 101.
597 357 641 367 —-
672 349 819 387 quartus
849 344 892 378 fb.
921 343 980 379 99.
1012 360 1058 370 -
1089 343 1217 379 summi
1251 346 1297 380 lb.
1312 346 1398 381 .103.
1423 346 1501 381 124.
1529 347 1607 383 125.
1631 367 1679 375 ‹—

186 392 271 434 ille,
306 400 378 434 quo
400 401 502 423 usum
530 389 664 433 optime
691 388 858 423 Crassum
882 388 1011 425 Cicero
1034 389 1122 426 dicit
1143 411 1208 424 -—-.
1242 392 1278 425 Is
1300 391 1340 426 in
1362 394 1616 437 exprobrando
1643 401 1680 429 et

186 438 402 478 indicando,
438 437 535 471 unde
567 441 604 469 et
636 435 671 468 ei
708 446 842 470 nomen
866 442 936 479 est,
970 437 1068 471 valet
1095 444 1155 471 etc.
1185 439 1228 471 ib.
1253 435 1313 473 94.
1351 439 1454 473 uncis
1484 439 1603 487 digitis
1635 444 1680 475 ib.

189 486 274 526 119;
314 482 506 529 digitorum
539 481 698 515 incertus
728 488 788 516 aut
810 482 1002 516 indecorus
1036 489 1161 530 gestus
1184 486 1225 528 1,
1251 485 1322 529 10,
1347 486 1394 519 35
1411 485 1680 533 N.·digitorum

185 531 260 565 ictu
283 530 476 564 intervalla
499 527 640 574 signant
666 529 701 570 9,
726 527 762 571 4,
789 530 829 563 51
853 530 900 564 Ν.
941 530 1068 564 crebro
1097 530 1289 577 digitorum
1310 530 1560 576 labiorumque
1579 540 1681 567 motu

189 580 247 620 11,
269 578 304 619 3,
332 576 411 610 160.
438 576 483 608 ad
507 574 692 618 strepitum
718 574 907 621 digitorum
929 577 964 618 9,
994 574 1030 617 4,
1057 576 1112 611 55.
1158 577 1196 619 b)
1221 583 1386 621 quattuor
1408 577 1530 622 primis
1554 579 1683 615 leviter

188 623 227 657 in
249 633 426 656 summum
448 622 662 655 coeuntibus
686 621 803 667 digitis
831 625 895 665 11,
918 624 961 664 3,
986 623 1044 657 96.
1073 622 1223 669 digitos,
1247 634 1329 656 cum
1355 624 1483 658 summi
1506 624 1683 668 coierunt,

188 670 234 704 ad
258 680 325 703 nos
352 669 398 713 (a.
426 672 447 702 l.
478 666 532 709 os)
556 668 695 701 referre
729 670 773 702 ib.
813 670 891 702 103.
918 669 1132 712 compressis
1155 669 1268 703 tribus
1294 669 1413 717 digitis
1436 672 1476 703 ib.
1506 673 1583 705 102.
1607 682 1682 705 me-

188 715 268 749 dius
284 715 354 763 dig.
372 714 410 748 in
423 713 592 758 pollicem
606 714 841 757 contrahitur,
861 715 1039 758 explicitis
1054 715 1169 750 tribus
1183 718 1227 751 ib.
1237 717 1293 751 92.
1324 727 1404 750 cum
1420 721 1493 751 tres
1507 715 1683 751 contracti

186 761 319 807 pollice
352 766 560 805 premuntur
589 762 631 793 ib.
663 760 720 796 94.
760 766 859 795 tanto
894 761 1191 796 contractioribus
1218 762 1354 797 ultimis
1379 762 1515 810 digitis,
1548 769 1681 808 quanto

184 809 326 853 priores
365 808 629 840 descenderunt
659 809 702 841 ib.
726 807 784 843 95.
821 808 960 841 duobus
994 808 1137 843 modice
1170 809 1328 844 mirvatis
1365 808 1483 856 digitis
1506 811 1550 843 ib.
1578 809 1682 844 binos

185 854 329 889 interim
353 853 482 899 digitos
510 852 778 899 distinguimus,
803 855 867 888 sed
890 865 965 888 non
987 854 1124 889 inserto
1150 855 1283 900 pollice
1309 858 1373 898 11,
1402 858 1446 899 3,
1472 856 1531 891 98.
1556 855 1682 903 digito,

188 907 358 946 quantiun
391 899 583 944 plurimum
613 905 789 944 possunt,
819 906 942 935 erecto
973 903 1017 935 ib.
1043 903 1123 935 120.
1145 900 1404 947 explicantibus
1429 913 1468 936 se
1491 901 1530 935 in
1556 902 1681 946 p‘rofe-

187 948 302 982 renda
339 958 448 980 manu
480 945 673 993 digitislib.
710 945 767 982 84.
803 951 880 980 tum
912 946 1041 994 digitus
1074 947 1137 982 ille
1167 965 1212 974 —-
1235 947 1412 993 explicari
1434 948 1527 982 solet
1549 950 1595 981 ib.
1621 947 1682 984 94.

187 993 306 1040 digitis
329 992 461 1028 leviter
485 991 629 1027 inflexis
653 995 698 1028 ib.
724 991 802 1027 142.
827 993 971 1027 interim
984 999 1130 1038 quartus
1147 993 1293 1039 oblique
1316 993 1515 1039 reponitur,
1540 989 1694 1028 interim*

186 1045 354 1085 quattuor
387 1038 546 1073 remissis
577 1039 690 1085 magis
725 1050 831 1084 quam
855 1039 984 1081 tensis,
1010 1060 1058 1067 —-
1082 1051 1228 1075 manum
1250 1041 1400 1075 facimus
1425 1043 1467 1075 ib.
1495 1038 1552 1076 99.
1577 1041 1684 1074 deor-

185 1098 265 1120 sum
298 1084 541 1130 spectantibus
577 1085 697 1132 digitis
733 1089 778 1119 ib.
818 1087 877 1122 97.
906 1097 1037 1121 versus
1069 1087 1109 1120 in
1134 1093 1265 1121 terram
1292 1093 1325 1122 et
1352 1086 1454 1132 quasi
1476 1097 1612 1132 pronus
1639 1089 1681 1121 ib.

183 1131 244 1168 94.
296 1131 336 1177 y)
373 1132 484 1178 digito
515 1131 714 1176 inquietare
749 1143 855 1166 nares
881 1135 925 1167 ib.
952 1134 1011 1167 80.
1043 1132 1106 1178 qui
1138 1133 1333 1168 sententias
1354 1133 1539 1178 vibrantes
1566 1131 1684 1179 digitis

185 1179 386 1223 jaculantur
419 1181 462 1211 ib.
494 1181 572 1213 120.
601 1177 749 1212 summis
775 1177 894 1224 digitis
921 1185 1046 1222 pectus
1074 1185 1241 1223 appetere
1264 1183 1308 1214 ib.
1337 1179 1416 1214 124.
1458 1178 1502 1224 β)
1532 1181 1567 1212 in
1589 1180 1684 1223 pecli-

184 1228 265 1259 bus:
301 1226 429 1258 dexter
455 1223 548 1267 (pes)
574 1223 719 1258 summis
744 1223 863 1271 digitis
887 1225 1116 1269 suspenditur
1144 1229 1201 1269 11,
1227 1228 1262 1269 3,
1291 1226 1370 1262 125.
1394 1231 1528 1260 statura
1552 1226 1685 1260 breves

185 1272 223 1306 in
249 1271 378 1318 digitos
401 1271 588 1316 eriguntur
610 1273 644 1314 2,
671 1272 706 1312 3,
731 1270 766 1305 8.
808 1270 847 1316 y)
865 1269 1089 1311 formulae
1112 1273 1235 1305 dicen
1247 1274 1305 1306 ι1ἱ.·
1331 1273 1374 1305 ad
1401 1272 1547 1318 digitum
1575 1271 1684 1313 (vulg.

186 1322 261 1351 lect.
289 1323 324 1351 at
348 1316 478 1364 digito)
506 1315 666 1364 pugnavi
690 1317 732 1358 3,
759 1317 803 1359 5,
828 1319 876 1350 20
887 1317 935 1351 Ν.
966 1316 1011 1358 cs.
1040 1319 1255 1352 Drakenb.
1282 1319 1328 1351 ad
1358 1320 1430 1352 [λυ.
1456 1318 1542 1363 Vll,
1567 1320 1604 1362 2,
1630 1320 1685 1351 10.

186 1369 396 1410 argumenta
418 1363 563 1398 diducet
584 1362 624 1397 in
647 1362 777 1410 digitos
803 1364 866 1406 11,
892 1365 934 1406 1,
957 1365 1014 1398 53.
1031 1375 1065 1398 υ.
1081 1363 1423 1411 Argumentum.

140 1431 299 1524 Digni}
333 1452 431 1525 1ἔξω
461 1442 567 1490 digne
605 1441 658 1488 (a.
686 1445 710 1476 1.
736 1442 863 1491 digno)
886 1444 998 1480 modo
1022 1442 1134 1489 patris
1160 1445 1302 1480 vultmn
1324 1448 1448 1489 posset
1485 1439 1688 1488 exprimere

186 1515 222 1533 „,
297 1515 307 1533 ,
381 1515 390 1524 .

140 1557 358 1613 Digsslfas·
415 1567 450 1613 1)
474 1570 516 1603 ‹le
538 1570 676 1603 honesta
703 1571 905 1604 condicione.
939 1568 982 1615 α)
1010 1574 1114 1605 extra
1139 1569 1267 1614 (valent
1292 1570 1326 1603 in
1350 1566 1478 1618 causis)
1503 1565 1687 1611 nobilitas,

187 1615 360 1662 dignitas,
390 1616 606 1660 propinqui,
642 1615 748 1650 amici
773 1620 808 1660 7,
832 1615 874 1659 4,
903 1618 958 1652 18.
993 1617 1146 1665 dignitas
1174 1623 1211 1651 et
1235 1621 1358 1651 tuetur
1378 1627 1501 1658 reum,
1533 1621 1569 1650 et
1591 1625 1686 1648 non.-

185 1673 369 1705 nunquam
388 1661 467 1706 ipsa
482 1662 521 1695 in
541 1668 789 1709 argumentum
812 1662 898 1696 sacti
925 1664 1149 1698 convertitur
1175 1667 1209 1706 7,
1233 1666 1269 1706 2,
1293 1665 1356 1705 32,
1380 1662 1534 1706 populus
1557 1662 1661 1695 Rom.
1672 1686 1693 1706 ,p

189 1709 284 1751 apud
308 1719 416 1751 quem
439 1719 577 1741 summa
603 1720 745 1752 semper
769 1709 972 1743 oratoribus
998 1710 1149 1756 dignitas
1175 1708 1243 1742 fuit
1264 1711 1300 1750 2,
1328 1708 1384 1751 16,
1412 1709 1454 1748 83
1479 1706 1686 1752 dignitatem

185 1755 366 1788 Messalae
395 1754 446 1797 (in
470 1755 628 1796 dicendo)
655 1758 720 1798 12,
750 1757 813 1797 10,
844 1758 898 1788 11.
931 1762 1015 1789 sunt
1047 1754 1242 1789 humilia
1271 1753 1367 1788 intra
1405 1753 1683 1797 dignitatem

186 1812 308 1835 rerum
333 1806 393 1833 aut
418 1800 553 1833 ordinis
577 1802 612 1843 8,
637 1803 680 1843 2,
703 1804 738 1834 2.
765 1802 962 1835 secundiun
989 1801 1144 1835 debitam
1168 1809 1290 1834 rernm
1315 1798 1522 1846 dignitatem
1556 1801 1623 1842 12,
1649 1801 1685 1842 1,

185 1849 220 1882 8.
252 1845 295 1887 cs.
325 1847 359 1889 8,
385 1848 419 1888 3,
443 1847 500 1881 38.
524 1851 631 1890 prout
653 1847 850 1881 verborum
876 1846 1027 1893 dignitas
1054 1854 1116 1880 eto.
1142 1845 1335 1890 postulabit
1353 1847 1411 1888 11,
1426 1846 1463 1889 3,
1479 1843 1538 1880 46.
1558 1855 1688 1892 magna

188 1897 243 1927 est
265 1892 508 1936 subsequendi
533 1891 685 1939 dignitas
712 1895 766 1935 12,
796 1895 852 1935 11,
879 1894 938 1928 28.
984 1893 1029 1938 β)
1054 1894 1200 1926 fortuna
1222 1892 1431 1938 dignitatem
1455 1891 1559 1926 affert
1585 1893 1620 1933 3,
1647 1895 1686 1936 7,

189 1942 246 1974 13:
271 1945 347 1972 tum
369 1938 575 1985 dignitas
601 1939 679 1982 ejus
704 1938 910 1983 (litigatoris)
938 1941 1122 1987 allegatur,
1147 1945 1223 1972 tum
1248 1932 1518 1977 commendatur
1542 1937 1685 1972 infir'-

186 1985 326 2020 mitas
350 1983 393 2027 4,
422 1988 460 2027 1,
490 1987 548 2021 13.
585 1986 840 2032 conjungendo
867 1997 949 2019 cum
981 1985 1160 2029 judicibus
1201 1984 1408 2031 dignitatem
1433 1995 1534 2018 suam
1569 1986 1625 2027 11,
1650 1987 1685 2028 1,

188 2033 246 2067 28.
270 2031 309 2064 in
334 2037 460 2064 senatu
488 2033 738 2066 conservanda
763 2037 899 2065 aucto
911 2031 1054 2075 ritas,
1079 2032 1172 2076 apud
1196 2032 1368 2075 populum
1391 2029 1600 2077 dignitas
1626 2033 1693 2072 11,ν

188 2080 224 2119 3,
249 2079 315 2112 153
333 2078 380 2111 N.
406 2077 561 2121 propriis
586 2076 728 2121 (verbis)
757 2078 963 2123 dignitatem
987 2080 1047 2112 dat
1071 2078 1261 2122 antiquitas
1283 2078 1319 2119 8,
1343 2079 1378 2120 3,
1404 2077 1462 2111 24.
1495 2087 1623 2121 parum
1644 2076 1686 2112 in

187 2124 263 2159 vita
289 2124 490 2158 habuerunt
517 2123 698 2170 dignitatis
727 2127 782 2167 12,
808 2127 864 2168 11,
891 2126 949 2160 28.
979 2136 1049 2170 qua
1074 2124 1129 2158 rei
1152 2123 1421 2171 magnitudo
1445 2124 1509 2158 vel
1532 2122 1685 2170 digni-

188 2176 259 2204 tas
283 2169 455 2204 minuitur
483 2171 517 2212 8,
543 2172 588 2213 3,
617 2169 674 2205 48.
706 2169 840 2215 alioqui
868 2171 1018 2205 amictus
1044 2191 1091 2198 —
1117 2169 1344 2217 dignitatem,
1373 2180 1465 2213 quae
1489 2174 1544 2203 est
1565 2167 1604 2202 in
1629 2169 1686 2202 la-

188 2216 338 2250 titudine
365 2217 540 2261 pectoris,
579 2217 706 2260 perdet
734 2219 790 2259 11,
815 2219 850 2260 3,
877 2216 956 2252 141.
983 2218 1250 2262 recuperandae
1280 2214 1466 2262 dignitatis,
1485 2213 1598 2262 gratia
1626 2217 1699 2258 11,

190 2265 231 2305 1,
263 2264 322 2299 79.
362 2262 481 2296 reddit
515 2263 677 2306 personis
713 2263 870 2297 debitam
897 2264 1103 2311 dignitatem
1136 2266 1205 2306 10,
1239 2265 1282 2305 1,
1317 2264 1375 2296 62.
1435 2261 1474 2305 y)
1511 2260 1684 2306 dignitate

187 2308 343 2343 maxime
379 2308 557 2343 contineri
591 2310 857 2353 (deliberativum
887 2311 1002 2354 genus)
1037 2313 1079 2353 3,
1110 2310 1152 2352 8,
1189 2311 1221 2343 1.
1269 2305 1448 2352 (persona)
1479 2306 1685 2348 defenditur

189 2359 326 2396 aetate,
360 2355 623 2401 dignitate,
656 2356 946 2391 auctoritate
972 2359 1037 2399 11,
1067 2359 1109 2399 1,
1134 2356 1192 2390 28.
1228 2359 1269 2387 ut
1293 2353 1443 2399 quisque
1467 2359 1604 2396 aetate,
1627 2351 1684 2387 di-
1727 2363 1728 2368 ¹

187 2399 320 2444 gnitate
356 2401 538 2443 praecedit
561 2404 605 2435 ib.
626 2402 683 2436 29.
709 2403 811 2437 salva
842 2403 1077 2450 dignitate
1107 2412 1148 2435 ac
1172 2399 1462 2435 verecundia
1498 2400 1534 2442 6,
1557 2401 1593 2443 3,
1617 2399 1681 2442 35;
1726 2410 1728 2426 Δ

188 2445 368 2490 dignitatis
401 2448 583 2482 contentio
613 2450 653 2481 11
670 2473 680 2490 ,
707 2451 747 2491 1,
773 2450 832 2483 80.
859 2448 904 2491 cf.
935 2450 980 2493 5,
1010 2450 1066 2491 13,
1091 2449 1148 2482 27.
1200 2443 1239 2490 ὃ)
1267 2458 1364 2479 cum
1391 2445 1563 2493 dignitate
1586 2444 1622 2487 4,
1646 2447 1684 2487 2,

187 2491 244 2524 64.
272 2492 312 2532 5,
342 2494 403 2534 10,
428 2491 484 2526 54.
520 2504 606 2536 pro
633 2494 804 2541 dignitate
830 2497 873 2538 2,
895 2497 957 2537 13,
984 2497 1039 2528 12.
1067 2504 1119 2528 co
1132 2499 1235 2527 ntra
1261 2492 1467 2540 dignitatem
1491 2494 1556 2534 12,
1578 2493 1622 2532 7,
1645 2490 1681 2523 6.

187 2535 317 2569 infra
341 2537 396 2570 rei
420 2537 626 2584 dignitatem
649 2541 685 2582 8,
708 2542 743 2582 3,
769 2541 826 2575 38.
855 2539 899 2582 eff.
925 2542 961 2584 8,
989 2544 1024 2583 2,
1048 2543 1087 2574 -2,
1112 2550 1188 2573 non
1215 2538 1369 2573 deformi
1398 2539 1598 2580 voluptate;
1617 2536 1684 2569 sed

188 2593 271 2616 cum
294 2582 398 2615 laude
427 2594 468 2616 ac
496 2585 665 2630 dignitate
693 2586 739 2630 (S
748 2600 781 2630 p.
812 2587 858 2620 ad
886 2584 1109 2634 dignitatem)
1137 2586 1329 2629 conjuncta
1349 2585 1386 2625 8,
1410 2584 1468 2616 Pr.
1493 2583 1539 2615 33
1561 2585 1605 2615 Z.
1631 2582 1681 2615 N.
1711 2592 1717 2606 ·’

187 2626 235 2670 11)
271 2630 294 2661 1‘.
321 2641 352 2671 q.
384 2632 706 2669 magistratus.-
735 2632 900 2676 majestas
925 2639 979 2667 est
1001 2633 1040 2667 in
1072 2632 1270 2675 imperio
1295 2635 1400 2672 atque
1423 2627 1461 2660 in
1490 2627 1589 2661 omni
1611 2624 1717 2671 po-:i

186 2673 263 2718 puli
293 2674 395 2707 Rom.
431 2674 671 2721 dignitate
703 2681 748 2721 7,
784 2681 824 2721 3,
859 2681 905 2715 35
931 2681 978 2714 N.
1015 2683 1214 2722 praestatur
1242 2677 1313 2709 hoc
1345 2673 1536 2717 aliquando
1576 2673 1715 2714 etiam.»-

188 2718 419 2766 dignitatibus
451 2719 502 2760 (a.
533 2725 554 2754 1.
593 2721 891 2768 dignationibus),
926 2731 967 2758 ut
997 2723 1169 2758 libertatis
1199 2726 1343 2756 nostrae
1375 2719 1465 2753 ratio
1499 2715 1712 2762 reddatur-,⁴2

188 2777 234 2799 ne
259 2764 443 2846 quisssnozt
453 2771 512 2799 aut
538 2769 736 2810 petulantes
762 2769 800 2804 in
821 2770 1006 2805 laedendis
1035 2770 1108 2813 eis,
1139 2773 1200 2803 aut
1221 2766 1327 2801 etiam
1354 2765 1561 2800 ambitiosos
1584 2771 1702 2810 putet

192 2814 248 2854 11,
279 2815 310 2854 1,
359 2814 380 2845 7
403 2831 417 2845 .
441 2837 449 2844 .
