1728 3002
472 179 477 182 ·
514 161 710 206 imitator
735 183 793 192 -—
820 160 1036 227 Immerito
1463 167 1547 208 40¹

14 272 36 310 ’ἓ
64 282 100 323 8,
120 282 179 316 l’r.
202 276 438 315 wainflet
458 276 667 324 neqnenter
686 275 749 312 im.
774 277 1010 322 praestatio,
1026 276 1111 322 2,3.
1134 273 1196 330 ⁵¹²¹:
1218 285 1285 322 per
1303 286 1347 314 ss
1367 276 1448 324 ipsa
1468 290 1546 316 non

66 326 197 365 sufficit
217 328 262 360 ib.
279 325 323 369 43
347 323 465 360 omnis
485 324 547 364 im.
569 325 651 359 ficta
674 323 727 368 (a.
749 327 773 359 1.
793 322 904 366 facta)
928 327 995 367 est,
1018 327 1055 357 et
1078 323 1123 376 ad
1145 323 1301 358 alienum
1321 325 1544 371 propositum

55 372 356 408 ¹acconmodatur
374 373 423 406 ib·
446 369 503 406 11.
544 369 607 406 im.
633 380 708 404 nou
730 368 777 404 sit
801 374 937 403 tantum
958 367 999 402 in
1019 368 1141 404 verbis
1164 371 1211 422 ib,
1235 371 1293 405 27.
1335 369 1374 406 in
1395 371 1467 408 illis
1491 379 1546 409 est

65 419 184 464 aliqua
205 417 335 453 vitiosa
359 417 423 453 im,
458 419 499 451 11
514 441 527 458 ,
554 416 596 459 3,
619 417 680 452 91.
732 415 774 459 b)
801 427 862 459 per
884 421 1007 449 ceteros
1032 417 1159 450 Casus.-
1191 415 1425 453 Imitationem
1452 420 1546 454 anti.

54 464 211 510 ,quitatis
233 464 398 498 affectant
426 465 484 507 11,
504 465 544 506 3,
568 465 632 504 10,
671 461 702 495 si
725 463 822 505 quod
845 461 1047 504 exemplum
1069 462 1115 495 ad
1136 459 1369 497 imitationem
1394 465 1547 501 demon-

59 511 248 546 strandum
274 509 320 544 sit
339 511 496 552 5,7,28.
523 507 749 543 mediocritas
772 522 820 530 --
842 508 885 541 ad
910 506 1204 549 intellectum
1226 513 1298 552 atq.
1322 508 1545 547 imita-tio-

68 567 168 592 nem
189 555 332 590 facilior
352 558 390 599 2,
412 556 448 597 3,
475 557 510 591 1.
542 555 648 588 fictae
673 555 716 588 ad
742 554 803 588 im.
827 552 994 587 materiae
1016 555 1052 595 2,
1074 551 1110 595 4,
1135 552 1194 587 41.
1220 562 1413 599 componat
1436 568 1476 591 se
1500 560 1545 593 ad

22 637 26 643 ,
67 602 128 638 im.
151 601 312 645 veritatis
334 601 371 644 5,
394 603 450 642 12,
475 603 533 635 22.
556 613 590 635 υ.
615 599 872 645 Compono.
900 601 933 638 9.
958 601 995 641 2,
1018 597 1075 632 34.
1108 610 1189 633 cum
1212 611 1252 634 se
1275 605 1388 636 totum
1412 604 1458 637 ad
1481 603 1542 641 im,

19 652 25 657 ’
68 647 278 683 contulisset
297 648 358 689 ’10,
383 650 417 689 1,
442 647 521 682 108.
545 646 712 680 libentius
734 656 773 679 se
797 647 840 678 ad
866 645 926 678 im.
953 644 1092 691 erigere
1117 649 1151 688 2,
1173 647 1208 688 3,
1233 648 1296 689 10,
1320 648 1386 682 vix
1410 649 1545 685 babere

40 724 48 731 ,
67 693 276 728 imitationis
301 694 422 727 locum
454 695 519 735 12,
548 695 615 734 103
639 695 696 727 27.
733 691 887 725 lectio
914 708 958 715 —
979 691 1079 725 velut
1102 691 1267 726 confecta
1293 696 1544 730 memoriae

20 737 47 756 “³
64 734 389 783 imitationique
412 736 571 772 tradatur
593 739 650 781 10,
673 740 708 780 1,
737 739 799 779 19ς
832 738 943 770 multa
964 735 1159 771 imitatione
1182 737 1288 784 digna
1315 742 1373 783 10,
1407 744 1443 783 1,
1467 744 1547 776 116.

68 781 229 832 (asquia)
255 784 428 829 consequi
450 784 646 818 imitatione
673 786 758 818 Cic.
785 786 840 827 11,
865 786 899 825 1,
921 783 983 817 9⁴2.
1013 791 1165 836 quorum
1186 794 1243 817 ars
1267 786 1383 820 omnis
1406 794 1547 823 constat

45 830 262 866 *imitatione
285 833 341 873 11,
368 832 401 872 3,
421 831 482 866 91.
515 830 740 864 Subabsurda
755 827 823 862 -iua
851 833 1015 863 constant
1037 829 1152 863 stultis
1174 828 1280 864 simili
1303 831 1387 874 (ml.
1411 833 1548 868 stultis-

23 875 170 922 μή)
188 876 385 912 imitatione
408 878 442 920 6,
466 878 502 918 3,
524 877 584 912 99.
626 875 821 920 actione
844 880 983 909 constat
1006 885 1081 908 nou
1105 874 1382 912 imitatione
1401 879 1547 924 (oratio)

23 956 41 962 ,,
68 917 202 967 x1,1‚‚3,
230 924 311 958 182.
342 921 406 966 qui
429 921 614 967 (affectus)
642 921 859 967 affinguntur
890 920 1207 965 imitatione,
1230 927 1387 958 artem
1414 925 1547 960 babent

67 970 115 1004 ὓ.
138 968 196 1006 62.
218 980 251 1002 υ.
274 967 374 1002 Ars.
418 968 478 1002 De
500 967 696 1002 imitatione
720 969 778 1010 10,
804 967 892 1010 Cap.
911 969 950 1000 2.

22 1000 231 1061 limitatur.
253 1023 535 1068 -Thucydidis
550 1022 717 1066 10,1‚74.
747 1038 794 1048 -
815 1022 1019 1056 Atticorum
1042 1025 1087 1057 ῐι..
1101 1022 1180 1061 115.
1207 1023 1403 1067 12,10,14.
1424 1024 1550 1070 nubet

28 1088 44 1095 ›·
63 1074 295 1104 ›an-tores
316 1079 386 1104 nec
409 1070 661 1104 imitatores
685 1069 791 1114 (locus
809 1077 974 1113 mmmm
991 1071 1113 1104 -codd-
1130 1080 1200 1103 nec
1221 1069 1400 1105 immerito
1415 1073 1550 1108 remitti

30 1142 40 1146 ff
69 1117 288 1158 mair-'litu
310 1118 361 1150 A.
381 1118 541 1158 lene,
569 1118 696 1149 maican
717 1116 847 1158 doetus,
871 1116 996 1159 conjec.
1020 1114 1251 1159 hnitatorem)
1277 1119 1335 1159 10,
1350 1116 1385 1161 1,
1410 1117 1523 1163 1041.

24 1157 189 1201 luitur.
231 1169 277 1215 α)
299 1176 467 1216 quantum
487 1170 631 1207 virtutis
652 1172 808 1206 habeant
819 1171 989 1215 (scripta).
1012 1172 1074 1206 vei
1096 1172 1167 1206 hoc
1182 1171 1265 1216 ipso
1286 1174 1552 1220 cognoscimus,

32 1217 170 1262 >qnod
188 1216 323 1251 imitari
342 1227 419 1252 non
442 1227 630 1262 possumus
650 1219 717 1260 10,
741 1219 785 1259 5,
812 1218 848 1252 8.
887 1218 984 1261 quod
1004 1216 1203 1251 imitaturus
1226 1223 1293 1261 est,
1317 1219 1469 1265 quisque
1493 1220 1554 1254 in-

43 1292 48 1301 ,
70 1261 208 1310 telligat
235 1264 304 1305 10,
329 1265 376 1306 2,
401 1264 456 1297 18.
494 1264 587 1297 haec
608 1262 639 1296 si
660 1262 942 1307 perviderimus,
966 1269 1043 1297 tum
1066 1274 1156 1298 vere
1181 1263 1398 1300 imitabimur
1422 1268 1468 1300 ih.
1492 1269 1553 1301 27.

31 1308 257 1350 ben-rude
278 1307 457 1342 imitantes
478 1303 513 1349 8,
534 1311 570 1351 3,
593 1309 651 1342 82.
678 1308 848 1353 quidquid
871 1308 977 1343 alteri
995 1308 1111 1343 simile
1135 1315 1209 1352 est,
1232 1320 1384 1345 necesse
1405 1315 1461 1346 est
1483 1312 1554 1346 mi-

29 1351 207 1394 :muttit
227 1362 286 1396 80,
360 1355 407 1388 od
428 1353 586 1388 imitatur
611 1356 669 1396 10,
691 1356 728 1397 2,
753 1357 811 1388 11.
849 1354 891 1387 id
911 1355 1169 1400 consequi,
1200 1357 1299 1400 quod
1326 1356 1552 1392 imiteris

31 1393 155 1443 ·’-’·(ο.1.·
176 1397 317 1434 mireris
355 1402 447 1434 ἰό.7.
467 1399 624 1434 imitatus
649 1405 704 1434 est
726 1405 915 1444 utriunque
940 1401 1111 1435 Horatius
1136 1402 1173 1444 8,
1198 1403 1235 1446 3,
1259 1403 1317 1437 30.
1344 1403 1554 1438 amabant

70 1455 155 1480 eum
175 1444 307 1492 magis,
333 1456 439 1491 quam
462 1445 757 1480 imitabantur
782 1449 838 1488 10,
869 1449 902 1485 1,
928 1448 1007 1480 126.
1043 1459 1079 1481 α.
1104 1446 1229 1481 Amo.
1266 1458 1374 1492 quem
1394 1461 1554 1494 sequa-

48 1494 161 1534 ttur,
184 1501 290 1535 quem
310 1489 517 1526 imitetur
544 1494 600 1533 10,
616 1493 649 1531 5,
666 1492 721 1529 19.
747 1491 790 1532 ff-
807 1493 912 1534 1o,1,
927 1495 1008 1526 122.
1030 1491 1257 1527 imitamur
1279 1494 1448 1529 libentius
1473 1505 1554 1539 eos,

69 1535 199 1580 quibus
220 1537 435 1571 favemus
458 1541 494 1579 2,
519 1540 556 1580 2,
585 1538 621 1572 8.
644 1549 679 1571 υ.
703 1536 998 1580 Annumero3
1031 1538 1127 1572 bona
1148 1539 1326 1574 imitantes
1350 1543 1407 1584 10,
1429 1544 1466 1585 2,
1494 1543 1555 1577 15.

71 1581 250 1621 deteriora
273 1581 455 1616 imitentur
473 1584 643 1625 10,1,25.
672 1583 921 1617 defensionem
942 1582 1099 1618 imitatus
1123 1590 1178 1619 est
1199 1596 1309 1630 eques
1331 1587 1437 1622 Rom.
1459 1590 1495 1631 6,
1517 1588 1556 1631 3,

51 1626 129 1661 ·-74.
159 1627 220 1672 qui
240 1627 422 1662 imitentur
442 1628 599 1670 iumenta
622 1638 733 1663 onere
759 1634 795 1662 et
816 1630 903 1675 jugo
925 1629 1123 1664 laborantia
1147 1633 1203 1673 11,
1226 1632 1262 1674 3,
1279 1629 1343 1666 55.
1372 1632 1558 1666 simula-

36 1670 144 1714 satin·
161 1675 217 1707 est
239 1678 374 1708 cerm
398 1673 604 1717 opinionem
624 1673 732 1707 animi
753 1674 811 1708 sui
832 1674 1065 1708 imitantis
1089 1678 1125 1719 6,
1148 1679 1184 1720 3,
1200 1677 1259 1711 85.
1286 1678 1412 1712 sedulo
1434 1677 1557 1713 imitor

56 1710 302 1762 quaerentem
323 1722 360 1761 7,
387 1721 422 1759 1,
446 1719 501 1754 54.
547 1721 596 1762 β)
621 1722 808 1754 Panic..-
840 1721 937 1754 hanc
959 1719 1146 1763 (diversam
1169 1722 1445 1766 propositionem)
1470 1724 1555 1758 imi-

60 1767 188 1804 „tgntes
211 1766 268 1807 11,
291 1766 327 1807 3,
354 1765 448 1807 1633
485 1764 756 1799 imitandum
778 1764 1097 1811 vitandumque
1119 1770 1157 1811 3,
1179 1771 1215 1809 2,
1234 1769 1269 1801 3.
1308 1768 1355 1810 ιγ’.
1377 1769 1413 1811 9,
1433 1771 1470 1812 3,
1493 1771 1555 1805 69.

39 1807 43 1811 ’
70 1811 244 1850 percepta
267 1810 378 1842 semel
411 1808 633 1843 imitandi
659 1810 822 1854 ratione,
857 1811 1158 1857 assimulabit
1181 1812 1353 1857 quidquid
1376 1815 1556 1859 acceperit

72 1853 110 1893 7,
134 1853 191 1893 10,
212 1853 264 1887 9.,
280 1852 441 1894 imitandi
464 1854 618 1888 studium
642 1858 659 1888 1
674 1880 685 1897 ,
708 1857 750 1898 3,
774 1859 811 1891 2.
846 1858 1013 1900 exempla
1036 1859 1080 1891 ad
1105 1858 1316 1892 imitandum
1341 1862 1426 1902 2,2‚
1449 1862 1486 1895 8.
1515 1860 1557 1894 in

39 1895 278 1940 ‘'exemphum
309 1897 452 1940 dicendi
481 1900 771 1941 facundissimum
802 1912 980 1947 quemque
1007 1910 1185 1947 proponet
1215 1904 1284 1938 sibi
1315 1906 1363 1937 ad
1391 1905 1555 1940 imitanti.

44 1964 49 1970 .
75 1943 135 1985 12,
158 1944 196 1984 2,
220 1944 274 1976 17.
300 1943 415 1976 verba
436 1944 608 1989 effingere
629 1944 802 1981 imitando
825 1950 858 1988 1,
882 1950 915 1988 1,
937 1949 972 1981 4.
997 1959 1071 1983 nou
1092 1949 1153 1992 qui
1175 1950 1330 1984 maxime
1353 1949 1555 1993 imitandus,

45 2013 52 2027 ,
71 1992 114 2022 et
140 1988 238 2024 'soliis
259 1986 449 2021 imitandus
471 1993 528 2021 est
553 1991 619 2031 10,
641 1992 685 2030 2,
711 1989 779 2033 24,
815 1993 914 2035 qnod
933 1992 1087 2027 imitatus
1111 1993 1187 2029 Cic.
1209 1995 1271 2028 illa
1294 1995 1496 2038 composuit
1515 1996 1558 2030 in

45 2058 54 2063 .
73 2031 230 2068 Verrem
251 2033 287 2074 8,
310 2032 346 2076 6,
367 2035 427 2066 72.
457 2033 572 2067 veluti
595 2034 792 2069 orationem
817 2036 981 2071 diversae
1001 2039 1113 2081 partis
1135 2040 1291 2073 imitatus
1314 2042 1350 2083 5,
1368 2042 1424 2082 13,
1446 2042 1558 2077 28Ν.

48 2077 231 2112 -imimae
245 2077 360 2122 spicas
375 2077 547 2112 herbulae
558 2082 594 2121 1,
606 2080 694 2122 3,5;
714 2092 828 2124 pass..-
847 2082 994 2117 affectns
1010 2084 1118 2118 ficti
1140 2090 1178 2119 et
1198 2084 1368 2119 imitati
1393 2087 1559 2130 11,3,61.

139 2136 248 2163 ams-
282 2153 327 2161 —
351 2144 432 2168 vox
462 2136 519 2177 11,
545 2135 582 2177 3,
605 2135 662 2168 32.
1115 2161 1119 2163 Α

141 2243 299 2275 atumS·
342 2247 516 2292 gallorum
537 2246 634 2281 imm.
659 2253 766 2283 cantu
789 2250 846 2291 11,
859 2249 896 2293 3,
918 2249 974 2284 51.
1005 2248 1102 2284 imm.
1125 2250 1228 2286 frons
1252 2254 1310 2293 12,
1333 2252 1370 2296 6,
1387 2255 1428 2288 2.
1456 2252 1558 2291 imm.

75 2291 185 2325 funus
209 2292 245 2333 6,
269 2292 327 2324 Pr.
351 2295 386 2326 3.
425 2303 522 2326 mors
545 2292 643 2327 imm.
670 2295 727 2336 10,
750 2296 785 2337 1,
808 2294 866 2330 89.
901 2304 1040 2330 morum
1065 2296 1189 2331 senilis
1214 2298 1405 2334 auctoritas
1428 2297 1560 2337 imma-

75 2341 157 2370 tura
179 2335 462 2371 adolescentibus
483 2337 644 2372 creditur
670 2340 728 2382 11,
753 2342 786 2383 1,
809 2341 872 2375 32.
1344 2361 1350 2364 -

144 2493 267 2534 Crito·
308 2510 350 2540 ut
371 2515 435 2540 eos
466 2516 559 2541 non
587 2507 699 2542 imm.
723 2509 930 2552 probaverit
955 2509 1195 2546 sanctissimus
1220 2522 1352 2548 censor
1373 2510 1410 2558 4,
1437 2515 1498 2550 Pr.
1521 2517 1558 2551 3.

81 2548 128 2591 «fi
154 2550 189 2593 8,
212 2551 249 2594 6,
274 2551 332 2586 62.
363 2555 419 2594 11,
444 2553 479 2595 3,
505 2555 582 2588 183.
617 2564 709 2587 non
737 2554 848 2589 imm.
873 2556 1083 2590 existimarit
1106 2558 1143 2600 9,
1167 2560 1201 2602 1,
1224 2561 1280 2594 12.
1316 2558 1361 2600 tf.
1386 2559 1423 2602 9,
1439 2559 1475 2604 4,
1497 2562 1558 2598 35.

59 2593 257 2643 *insignem
289 2607 377 2631 non
406 2597 519 2632 imm.
547 2600 679 2633 famam
698 2599 811 2635 tribus
842 2601 1060 2636 orationibus
1093 2603 1263 2638 meruit
1307 2607 1370 2649 10,
1402 2609 1445 2649 1,
1476 2607 1556 2642 116.

62 2641 171 2675 ‘non
199 2641 315 2677 imm.
348 2642 484 2679 dixisse
511 2646 568 2687 11,
590 2647 626 2688 3,
647 2647 684 2680 7.
721 2656 871 2691 neque
898 2646 1016 2682 imm.
1044 2650 1200 2684 secunda
1222 2649 1379 2695 quinque
1402 2655 1559 2696 partium

63 2685 195 2731 ”posita
215 2693 271 2721 est
292 2691 330 2731 7,
351 2689 410 2724 Pr.
424 2692 460 2723 2.
494 2689 538 2731 cdl
563 2693 599 2733 7,
626 2692 683 2735 10,
707 2690 754 2734 43
778 2695 988 2736 nimpliciter:
1011 2705 1164 2739 neque
1185 2695 1296 2730 imm.
1325 2699 1362 2740 7,
1384 2699 1419 2741 7,
1439 2700 1471 2733 1.
1500 2700 1559 2742 10,

76 2732 122 2775 ’1,
142 2733 201 2766 27.
234 2735 291 2777 11,
313 2737 350 2776 2,
374 2738 408 2768 1.
442 2737 501 2780 12,
524 2738 582 2780 10,
603 2736 660 2777 75.
694 2747 783 2773 nec
811 2737 928 2774 imm.
952 2741 989 2783 2,
1010 2740 1048 2785 8,
1069 2741 1105 2776 1.
1138 2749 1173 2776 ν.
1195 2741 1373 2787 Neque.

174 2801 405 2846 ιαρυω.
1238 2809 1287 2844 26
