1728 3002
153 247 234 285 340
836 245 995 303 Figura

203 358 302 409 9,,1,
325 358 381 394 23.
404 356 444 404 β)
469 371 497 393 c.
523 359 631 403 A11j..-
657 365 779 405 aperta
804 360 918 408 ἧρπε
940 361 976 405 9,
998 364 1031 404 2,
1057 360 1115 397 69.
1142 370 1216 395 non
1244 363 1388 406 'asperas
1401 361 1462 411 fig.
1487 357 1550 399 sed
1572 365 1686 410 palam

206 406 403 441 contrarias
427 408 470 439 ib.
495 407 551 439 81.
581 408 751 453 augendis
780 407 963 442 affectibus
986 409 1275 442 accommodatae
1298 410 1358 457 fig.
1392 412 1443 444 ib..
1462 410 1518 446 26.
1552 412 1686 445 crebri-

206 452 385 499 oresfig„
417 463 521 495 quam
544 457 583 484 ut
609 453 823 488 dissimulari
845 454 983 499 possint
1007 458 1050 490 ib.
1075 453 1132 490 94.
1156 454 1215 501 fig.
1253 456 1429 489 declinata
1461 468 1538 500 opp.
1571 458 1687 491 oratio

205 505 306 533 recta
331 501 387 541 10,
413 500 446 541 5,
469 499 503 531 8.
529 499 734 534 evidentior
756 501 813 547 fig.
835 502 870 544 9,
899 505 934 545 2,
960 503 1013 536 52.
1047 501 1258 545 exquisitam
1279 502 1337 548 fig.
1373 502 1478 545 hujus
1509 501 1562 536 rei
1592 504 1626 546 8,
1651 506 1685 542 (5,

204 548 261 581 71.
288 545 347 591 fig.
381 544 517 578 Graeca
543 547 576 588 1,
603 549 635 589 1,
664 549 718 580 13.
748 549 782 590 1,
808 549 842 590 5,
867 547 925 581 64.
951 547 1178 581 liberioribus
1201 548 1259 594 fig.
1287 550 1342 591 10,
1361 551 1394 591 1,
1421 550 1478 583 31.
1502 547 1606 582 unius
1627 549 1685 595 fig.

208 597 244 626 et
264 591 398 624 mixtae
421 592 455 634 9,
481 591 515 633 3,
535 590 592 627 49.
617 593 733 637 aliqua
757 594 902 628 notabili
927 594 985 640 fig.
1011 596 1053 627 ib.
1082 597 1138 628 27.
1177 594 1235 641 fig.
1270 600 1397 640 sponte
1427 603 1467 628 se
1501 594 1689 628 offerentes

207 641 242 680 2,
266 641 302 680 7,
327 635 360 671 4.
387 637 576 681 permixtis
600 639 658 686 fig.
682 641 718 682 9,
743 642 776 683 3,
801 639 856 674 41.
884 640 1043 685 plurimis
1070 640 1192 687 figuris
1218 639 1269 684 (α.
1292 646 1314 674 t.
1341 639 1476 687 signis)
1510 639 1547 684 4,
1570 643 1606 683 2,
1631 642 1688 676 82.

206 685 265 731 fig.
291 693 367 717 non
389 683 472 717 illae
495 684 659 728 poeticae
684 692 719 719 et
743 693 868 720 contra
889 687 1065 721 rationem
1088 686 1258 731 loquendi
1295 688 1503 721 auctoritate
1517 688 1690 722 ‘veterum

206 735 384 773 receptae,
412 731 475 764 sed
500 742 590 775 quae
614 732 788 767 varietate
812 733 966 767 taedium
992 733 1174 780 effugiant,
1198 739 1233 768 et
1256 732 1510 768 mutationibus
1534 733 1689 766 animum

204 777 329 811 levent
355 775 391 819 4,
418 779 453 818 2,
482 778 550 812 118
583 781 624 812 Z.
650 779 711 825 fig.
736 780 806 823 jam
831 790 904 814 non
942 780 1122 825 quaesitae
1156 783 1191 823 2,
1216 782 1252 823 7,
1277 779 1319 823 4;
1344 781 1403 828 fig.
1437 779 1481 813 in
1511 780 1626 814 verbo
1655 781 1690 822 9,

205 825 240 866 3,
264 825 321 856 22.
349 825 389 856 ib.
414 823 472 858 89.
498 824 644 870 figurae,
673 836 833 872 quaeque
862 827 908 859 in
933 826 1117 868 sensibus,
1145 838 1307 871 quaeque
1335 825 1382 860 in
1405 824 1527 861 verbis
1547 831 1630 859 sunt
1653 829 1688 868 2,

142 868 148 872 ”
208 871 263 912 13,
290 870 331 902 11
370 867 418 904 N.
444 868 488 910 cjl
517 874 549 913 1,
573 872 608 914 8,
634 872 690 906 16.
715 871 844 919 figuras
869 872 907 906 ἐκ
926 872 1121 919 συνεκδοκῇ
1145 875 1177 913 9,
1187 875 1222 916 3,
1235 874 1291 911 58.
1315 871 1393 916 γ)ὶ·.
1410 874 1539 907 Geni1.:
1558 872 1688 918 figuras

205 917 368 950 colorum
392 916 427 958 9,
455 918 489 958 1,
515 918 569 951 18.
592 917 734 951 dicendi
758 919 878 965 figuris
905 918 950 962 (S
960 932 994 962 p.
1020 919 1122 952 dictis
1147 920 1191 955 de
1214 918 1267 963 f.)
1291 920 1324 954 8.
1349 921 1385 963 2,
1415 919 1460 954 19
1484 921 1526 952 Ζ.
1559 918 1690 964 figuras

204 961 348 1005 mentis,
375 972 465 1006 quae
488 959 658 1006 σχήματα
690 963 852 1000 διανοίας
885 965 1051 999 dicuntur
1070 966 1118 1009 ’6,
1155 968 1190 1008 3,
1229 968 1286 1000 70.
1320 976 1353 999 v.
1390 963 1597 999 Schema.
1644 965 1689 998 de

204 1007 327 1053 figuris
351 1007 524 1042 orationis
551 1012 585 1052 1,
611 1010 644 1052 5,
671 1011 702 1044 5.
733 1010 778 1052 cs.
801 1013 836 1051 9,
866 1009 900 1053 4,
931 1015 1008 1046 117.
1044 1011 1102 1059 fig.
1129 1010 1254 1047 tertiae
1284 1021 1461 1056 personae
1489 1012 1523 1053 1,
1557 1008 1594 1055 4,
1629 1011 1686 1045 29.

205 1055 251 1088 de
273 1054 330 1087 his
354 1054 610 1088 sententiarum
633 1057 706 1102 fig„
732 1069 824 1101 quae
849 1057 1032 1102 asimplici
1056 1059 1165 1092 modo
1192 1057 1374 1092 indicandi
1397 1056 1572 1091 recedunt
1591 1057 1628 1099 9,
1653 1058 1689 1100 2,

204 1102 238 1137 1.
264 1099 310 1141 cf.
333 1101 368 1143 9,
401 1105 431 1143 1,
456 1101 512 1136 36.
536 1107 608 1135 tam
638 1102 731 1139 inter
761 1102 950 1150 figuras
989 1104 1209 1148 sententiae,
1250 1115 1356 1149 quam
1391 1102 1487 1137 i-nter
1515 1107 1687 1147 tropos

202 1147 238 1187 9,
265 1149 298 1189 1,
322 1148 356 1180 3.
381 1146 495 1191 figura
518 1148 716 1183 sententiae
741 1150 861 1193 plures
885 1151 1018 1184 habere
1042 1151 1237 1186 verborum
1263 1153 1395 1197 figuras
1420 1154 1538 1193 potest
1563 1148 1688 1183 ib..16.

200 1192 327 1236 quaed.
355 1194 551 1227 verborum
574 1194 710 1240 figurae
737 1198 881 1239 paulum
905 1196 1026 1243 figuris
1059 1197 1314 1231 sententiarum
1349 1195 1574 1229 declinantur
1595 1195 1632 1238 9,
1653 1196 1688 1237 3,

198 1239 246 1272 88
282 1239 330 1271 Ν.
354 1249 388 1272 v.
418 1238 671 1273 Sententia.
699 1240 884 1285 figuras
909 1244 1103 1276 verborum
1127 1242 1246 1286 potius
1270 1252 1376 1286 quam
1400 1247 1566 1284 tropos
1593 1242 1628 1283 9,
1653 1243 1686 1283 1,

199 1285 233 1318 3.
259 1282 304 1324 cs.
334 1286 368 1325 2,
396 1285 430 1326 5,
454 1285 487 1319 9.
516 1285 551 1326 8,
576 1286 611 1327 6,
635 1286 693 1320 67.
718 1287 775 1319 De
801 1287 924 1333 figuris
952 1289 1208 1321 sententiarum
1231 1290 1254 1322 9
1280 1287 1367 1331 Gap.
1393 1287 1704 1321 2.—verborum*

199 1331 222 1365 9
249 1328 336 1373 Cap.
362 1331 395 1363 3.
418 1330 489 1376 fig„
518 1342 610 1374 quiae
635 1332 679 1364 ad
702 1338 857 1366 mentem
881 1333 1060 1377 pertinent
1083 1335 1117 1376 9,
1144 1336 1177 1377 1,
1205 1336 1261 1368 19.
1293 1343 1384 1377 quae
1406 1343 1472 1377 per
1495 1331 1690 1366 detractio-

197 1387 280 1410 nem
309 1375 398 1408 fiunt
420 1376 479 1422 fig.
507 1377 542 1419 9,
571 1378 605 1418 3,
635 1378 691 1412 58.
715 1379 775 1412 62.

289 1419 327 1465 δ)
353 1422 545 1455 Nominai.:
573 1424 745 1466 quaedam
773 1423 919 1458 omnino
947 1433 1022 1458 non
1049 1429 1131 1458 sunt
1153 1425 1287 1471 figurae
1322 1424 1359 1467 9,
1391 1425 1426 1466 3,
1458 1423 1517 1458 91.
1552 1435 1689 1468 nequa-

197 1478 303 1512 quam
329 1478 391 1501 eos
416 1466 531 1511 (fig.)
554 1480 633 1503 esse
659 1475 730 1502 tam
754 1472 901 1513 multas,
936 1482 1044 1514 quam
1077 1470 1148 1504 sint
1178 1483 1199 1504 a
1235 1470 1444 1514 quibusdam
1473 1470 1689 1504 constitutae

196 1516 232 1556 9,
259 1516 291 1555 1,
319 1516 374 1547 22.
400 1520 454 1547 est
477 1515 595 1558 aliqua
621 1515 727 1549 etiam
749 1516 788 1549 in
813 1518 1066 1560 respondendo
1090 1518 1147 1562 fig.
1172 1518 1207 1558 9,
1243 1519 1278 1558 2,
1306 1519 1363 1550 12.
1395 1516 1537 1560 quidam
1560 1527 1685 1551 omnes

177 1560 253 1606 ,fig.
280 1559 317 1593 in
341 1560 462 1593 verbis
487 1572 566 1594 esse
591 1562 759 1595 dixerunt
782 1563 816 1605 9,
845 1565 877 1604 1,
901 1565 956 1597 15.
983 1563 1289 1606 comparationem
1317 1559 1466 1609 figuram
1501 1572 1589 1599 non,
1608 1573 1687 1596 esse

195 1608 230 1649 9,
259 1609 300 1648 2,>
321 1608 389 1640 100
412 1607 458 1640 N.
492 1607 603 1653 figura
635 1608 673 1641 in
696 1614 796 1651 patre
821 1610 900 1652 plus
922 1609 1027 1651 facit,
1063 1620 1168 1654 quam
1191 1609 1299 1651 licet,
1335 1609 1372 1642 in
1400 1608 1474 1642 filio
1498 1608 1616 1642 minus
1643 1611 1687 1642 ib.

195 1653 242 1687 88
281 1653 327 1685 Ν.
358 1663 438 1686 cum
462 1654 622 1696 quaestio
646 1654 683 1687 in
708 1665 751 1688 eo
784 1654 966 1698 consistit,
1006 1656 1104 1699 quod
1136 1655 1271 1700 figurae
1301 1660 1426 1698 petunt
1463 1657 1507 1688 ib.
1539 1656 1597 1690 93.
1630 1655 1688 1700 fig.

195 1698 373 1732 laboranti
399 1700 651 1743 compositioni
674 1700 811 1735 variata
836 1712 943 1745 saepe
965 1701 1139 1735 succurrit
1161 1705 1197 1743 9,
1221 1699 1254 1734 4.
1286 1703 1364 1735 117.
1389 1701 1521 1747 figuras
1539 1711 1688 1745 qnoque

195 1745 333 1779 versari
356 1745 394 1778 in
418 1756 525 1779 sensu
554 1752 588 1779 et
616 1746 653 1779 in
677 1747 799 1782 verbis
825 1748 865 1790 9,
892 1750 926 1790 1,
957 1749 1012 1782 18.
1039 1746 1074 1791 ὲ)
1105 1749 1237 1782 Genit.:
1283 1751 1396 1780 artem
1431 1746 1626 1791 figurarum
1652 1747 1688 1789 9,

195 1793 232 1834 3,
257 1789 314 1825 64.
340 1802 408 1825 nec
436 1811 482 1817 —
499 1794 693 1826 verborum
719 1799 753 1827 et
777 1795 969 1840 figurarum
992 1793 1060 1827 alia
1084 1791 1249 1828 condicio
1273 1798 1327 1827 est
1353 1793 1388 1835 5,
1407 1794 1491 1834 13,1
1510 1793 1558 1826 Ν.
1583 1802 1690 1827 ver-

196 1838 312 1871 boru
323 1848 357 1869 m
383 1838 750 1883 figurarumque
776 1840 875 1873 facili
899 1839 1003 1883 copia
1032 1843 1087 1883 12,
1115 1840 1149 1882 5,
1185 1842 1216 1872 1.
1240 1856 1286 1863 —-
1311 1838 1487 1885 elegantia
1513 1841 1569 1880 12,
1594 1839 1630 1880 9,
1655 1839 1688 1872 6.

195 1883 392 1918 mutatione
418 1885 552 1931 figurae
576 1886 611 1928 8,
642 1887 676 1928 5,
700 1886 723 1920 6
761 1887 805 1919 Ν.
831 1886 976 1920 tertium
1003 1897 1116 1932 genus
1142 1887 1334 1939 figurarum
1357 1886 1393 1927 9,
1429 1885 1464 1928 3,
1498 1884 1556 1919 66.
1581 1882 1628 1925 of.
1651 1884 1688 1926 9,

197 1932 232 1972 2,
260 1930 306 1965 96
330 1937 393 1963 etc.
415 1930 630 1965 -mixtura
655 1932 690 1973 9,
714 1934 749 1975 2,
774 1934 831 1966 37.
860 1933 895 1975 9,
925 1934 959 1975 3,
987 1931 1267 1967 ‘ist—varietas
1279 1933 1335 1974 10,
1359 1934 1396 1974 2,
1421 1933 1455 1969 1.
1481 1931 1516 1973 ζ)
1539 1933 1687 1964 Aecus..-

195 1975 349 2020 aliquam
374 1987 422 2010 ex
446 1976 522 2020 his,
548 1978 594 2011 de
628 1978 756 2021 quibus
793 1977 905 2012 locuti
945 1989 1084 2022 sumus,
1127 1979 1277 2024 figuram
1307 1976 1437 2021 accipit
1468 1977 1504 2020 9,
1537 1979 1574 2018 2,
1609 1977 1688 2010 103.

195 2021 291 2056 aliud
319 2027 373 2056 est
396 2023 602 2066 admittere,
635 2023 733 2058 aliud
758 2035 837 2058 esse
863 2025 1014 2070 figuram
1037 2026 1072 2068 9,
1103 2027 1136 2068 1,
1160 2023 1217 2058 24.
1246 2022 1292 2065 cs.
1318 2024 1354 2067 9,
1385 2026 1422 2066 2,
1450 2024 1484 2058 5.
1514 2021 1689 2056 densitate

195 2067 294 2112 ipsae
317 2069 452 2115 figurae
476 2069 682 2114 aperiuntur
709 2072 744 2113 9,
770 2074 805 2113 2,
830 2074 889 2105 72.
916 2082 1059 2114 semper
1083 2082 1132 2104 ex
1156 2070 1302 2104 diverso
1324 2068 1534 2113 aperiendas
1557 2068 1686 2114 figuras

195 2117 238 2147 ib.
265 2116 324 2150 93.
350 2116 485 2148 dabunt
507 2115 595 2149 mihi
620 2116 773 2160 aliquam
797 2117 835 2150 in
858 2117 1047 2159 irascente,
1073 2118 1301 2160 deprecante,
1323 2115 1516 2150 miserante
1525 2114 1686 2160 figuram,

153 2195 157 2201 ,
195 2160 294 2194 scio‘:
331 2162 396 2196 sed
419 2161 502 2195 ideo
527 2172 601 2196 non
626 2162 733 2196 irasci
758 2170 817 2196 etc.
846 2163 958 2209 figura
986 2163 1053 2197 erit
1075 2164 1111 2204 9,
1137 2165 1170 2205 1,
1203 2163 1262 2196 25.
1297 2160 1402 2195 aliam
1431 2159 1591 2195 efficiunt
1623 2156 1682 2210 fig.

194 2208 230 2250 9,
256 2209 290 2249 3,
318 2209 375 2244 50.
424 2208 587 2242 emutatis
611 2207 649 2242 in
679 2220 890 2252 perversum
921 2208 1065 2243 dicendi
1097 2208 1219 2254 figuris
1252 2208 1295 2249 8,
1333 2210 1378 2250 2,
1424 2207 1467 2241 19
1505 2204 1550 2255 ζ·
1597 2213 1684 2246 ‘1111ss

192 2252 325 2298 figuras
349 2253 388 2287 in
408 2253 519 2286 filium
543 2255 680 2288 faceret
706 2256 751 2297 9,
774 2258 816 2298 2,
844 2256 901 2289 82.
943 2254 986 2296 ej:
1005 2256 1063 2290 81.
1097 2253 1355 2291 detractiones,
1387 2259 1477 2294 quae
1511 2259 1550 2282 ιιι
1565 2259 1684 2283 ·com-
1727 2264 1728 2291 3

192 2299 304 2341 plexu
348 2299 522 2333 sermonis
565 2306 630 2344 aut
661 2300 790 2336 vitium
824 2301 969 2335 habent-
988 2306 1046 2334 aut
1078 2300 1227 2345 figuram
1250 2300 1295 2340 9,
1329 2298 1373 2339 3,
1406 2295 1465 2348 18...
1488 2293 1683 2348 ‚verborum

193 2344 326 2390 figurae
351 2351 387 2379 et
413 2351 566 2380 mutatae
591 2352 671 2379 sunt
696 2358 836 2390 semper
862 2352 1103 2380 et·mutantur
1126 2348 1169 2378 ib.
1196 2349 1228 2378 1.
1251 2355 1272 2376 a
1292 2347 1564 2387 corrupttssuno
1592 2351 1684 2386 quo-

195 2401 264 2432 que
290 2394 477 2434 poetarum
506 2391 690 2438 figuras
731 2404 795 2426 seu
828 2392 1173 2432 translationes
1214 2395 1414 2423 mutuamur
1451 2386 1487 2431 8,
1532 2386 1592 2420 Pr.
1622 2386 1680 2421 25.

194 2436 303 2469 vertit
329 2437 367 2470 in
391 2438 609 2472 contrarium
635 2439 738 2472 eand.
755 2439 812 2485 fig.
827 2440 863 2481 9,
879 2440 912 2482 3,
933 2440 990 2473 33.
1017 2437 1208 2473 variandas
1227 2436 1287 2483 fig.
1309 2445 1388 2469 esse
1407 2434 1488 2476 9,1,
1501 2435 1564 2476 113
1589 2439 1681 2477 quo-

193 2482 301 2514 modo
325 2483 534 2525 responderi
569 2490 695 2518 contra
723 2485 853 2531 figuras
877 2489 1061 2528 oporteret
1082 2485 1117 2527 9,
1141 2486 1176 2525 2,
1200 2483 1257 2518 93.
1285 2490 1350 2525 per
1373 2481 1468 2514 hanc
1497 2479 1556 2526 fig.
1581 2477 1617 2520 4,
1646 2481 1680 2521 1,

193 2524 251 2559 64.
278 2537 406 2562 averso
425 2540 490 2571 per
501 2529 654 2574 aliquam
669 2531 729 2576 fig.
742 2540 908 2564 sermone
926 2534 960 2573 2,
988 2532 1044 2571 13,
1070 2529 1091 2564 5
1134 2530 1181 2562 N.
1205 2527 1241 2570 η)
1266 2529 1406 2560 Ablat..·
1437 2535 1508 2570 quo
1533 2530 1679 2558 trans-

193 2571 396 2605 lationis
420 2585 568 2619 genere,
595 2576 722 2620 quibus
755 2575 950 2622 figuris,
988 2575 1151 2619 qualibus
1183 2570 1445 2606 sententiis
1477 2571 1512 2610 8,
1546 2570 1581 2611 3.
1615 2567 1673 2620 4ζῙ·

196 2617 318 2663 Quid?
356 2618 392 2650 in
422 2621 604 2663 verbis,
639 2627 768 2655 sente
781 2613 912 2663 istiis,
934 2621 971 2655 fi
1013 2620 1126 2662 uris,
1155 2616 1386 2660 diSDOSitione
1409 2614 1517 2648 ²⁰¹i¹¹⁸
1541 2623 1674 2666 open-‘³¹

193 2673 313 2697 nonne
343 2664 487 2697 humani
512 2665 647 2711 ingenii
669 2669 812 2701 modum
837 2666 1004 2701 excedit.
1049 2667 1104 2707 10,
1138 2667 1171 2706 1,
1204 2665 1260 2697 50.
1295 2660 1404 2696 variis
1434 2661 1604 2706 figuris
1638 2665 1674 2693 et

190 2708 354 2743 verbis
378 2709 585 2753 felicissime
610 2714 727 2746 audax
755 2715 810 2755 10,
840 2716 872 2755 1,
897 2714 954 2747 96.
987 2710 1109 2757 figuris
1140 2708 1334 2753 jucundum
1385 2706 1421 2747 8,
1457 2707 1490 2740 3.
1527 2708 1580 2739 12.
1627 2704 1674 2746 cs.

191 2757 248 2798 12,
274 2756 338 2800 10,
355 2756 409 2788 60<
440 2766 519 2788 cum
548 2757 701 2802 figura
724 2759 917 2799 jucundum
943 2762 1016 2798 est,
1041 2762 1116 2789 tum
1141 2753 1247 2787 etiam
1282 2762 1417 2784 sensu
1448 2752 1547 2805 Yalet
1578 2752 1612 2794 9,
1638 2753 1673 2794 3,

187 2803 242 2834 71.
273 2806 307 2834 et
333 2801 591 2835 sententiis
621 2808 656 2835 et
679 2802 855 2848 figuris
880 2808 914 2836 et
941 2798 1285 2844 compositione
1311 2795 1672 2844 longaspyumlvytu)

186 2847 221 2890 8,
247 2847 281 2890 3,
306 2847 364 2895 52.
405 2856 537 2882 novem
561 2847 775 2891 Lyricorum
802 2848 909 2894 longe
938 2847 1109 2880 Pindarus
1133 2843 1321 2888 princeps,
1353 2843 1558 2888 spiritus
1581 2853 1674 2876 ma-
