1728 3002
574 190 578 193 ·
627 177 875 221 Admonitio
904 201 959 209 —
987 172 1195 218 Adulator
1614 173 1673 214 27

191 307 279 335 nere
309 297 499 340 admonet,
534 292 615 330 fleri
646 291 744 338 idln
767 291 851 327 foro
874 300 950 326 non
973 299 1082 335 posse
1102 291 1126 327 7
1133 313 1144 332 ,
1166 291 1220 331 2,
1235 287 1291 325 19.
1333 297 1381 324 ne
1403 287 1495 323 illud
1518 285 1675 340 quidem,

190 343 288 390 quod
314 344 584 384 admoneamus,
608 338 794 385 indiguum
819 342 892 382 est,
918 335 1064 384 ingenia
1090 346 1284 380 puerorum
1310 334 1421 370 nimia
1448 334 1591 369 interim
1617 344 1677 368 se-

185 389 346 440 ‘veritate-
365 389 518 424 deficere
538 390 576 432 2,
601 384 639 431 4,
664 387 721 422 10,

144 444 410 489 Admonitio.
453 456 654 492 irascuntur
687 449 924 488 admonitioni
958 447 1236 496 (praeceptoris)
1264 451 1302 492 2,
1324 448 1362 492 6,
1385 451 1421 484 s.
1460 453 1592 501 cetera·
1609 447 1677 481 nd-

189 503 389 538 monitione
411 514 542 551 magna
564 505 673 549 egent
699 502 736 540 1,
755 499 790 542 8,
810 496 845 532 4.
879 496 981 541 cujus
1011 496 1148 531 animus
1175 506 1261 539 spe,
1286 500 1401 533 metu.
1425 494 1679 534 admonitione,

190 549 358 594 precibus
375 570 423 578 —
443 549 628 598 agitandus
651 550 706 581 est
727 543 763 586 4,
788 546 823 588 1,
840 545 898 579 33.
928 542 1076 586 vitium,
1104 542 1202 586 quod
1220 540 1402 586 frequenti
1427 541 1520 575 adm.
1545 539 1679 592 corrigi

190 597 267 631 non
288 599 453 640 potuerat
478 598 536 637 10,
560 595 596 637 3,
621 594 679 629 32.
716 590 824 626 etiam
856 589 1064 625 excidentes
1095 586 1201 622 unius
1237 586 1482 623 admonitione
1506 587 1612 623 verbi
1640 588 1680 621 in

184 641 401 677 ‚memoriam
423 645 646 687 reponuntur
673 640 730 679 11,
752 639 788 681 2,
813 636 868 672 19.

143 694 382 739 Admoveo.
438 705 679 754 compressam
721 713 868 740 manum
903 699 1043 748 pectori
1079 701 1314 737 admovemus
1347 702 1413 744 11,
1439 701 1480 743 3,
1505 698 1585 735 104.
1635 700 1680 734 ad

191 754 351 790 omnium
377 767 461 802 spes
486 756 665 790 honorum
688 752 854 787 admotus
875 749 912 793 6,
935 750 995 784 Pr.
1021 749 1080 783 13.

145 806 424 854 Adolescens.
480 819 762 858 adolescentium
791 818 928 854 factum
967 814 1024 862 (§·
1053 815 1111 867 st.
1156 815 1256 848 mem
1283 814 1472 859 juven„
1506 813 1680 870 αῐωηι...)

182 870 232 912 ,7,
246 869 283 912 3,
304 867 360 904 34.
397 879 568 914 pueros
593 863 938 902 adolescentib.
961 865 1159 906 permlxtos
1182 860 1333 904 sedere,
1358 871 1435 895 non
1454 861 1573 906 placet
1592 862 1682 895 mihi

193 915 230 957 2,
251 916 288 958 2,
313 914 369 950 14.
403 926 485 949 cum
510 923 655 949 senex
679 908 1003 946 adolescentis
1030 905 1138 941 alieni
1164 905 1371 942 convicium
1399 907 1485 951 (Sp.
1501 908 1583 952 ad.,
1611 907 1682 942 alia

189 969 276 999 *cum
298 960 425 995 vitium
452 968 511 995 eto.
541 971 572 993 v.
602 956 828 996 Alienus)
853 955 927 990 fert
952 954 997 997 Ὀ,
1018 956 1055 996 2,
1079 951 1125 986 14
1149 954 1194 995 S.
1223 962 1366 987 morum
1398 952 1522 987 senilis
1557 959 1684 987 aucto-

192 1003 280 1038 titas
301 1004 490 1041 immatura
514 1003 769 1040 adolescentib.
795 1004 854 1045 11,
878 1003 914 1044 1,
937 1001 996 1036 32.
1030 997 1310 1033 adolescentium
1343 998 1398 1043 (a.
1425 1002 1447 1032 1.
1470 998 1591 1041 -tiae)
1617 1000 1683 1033 de-

194 1049 343 1086 fendere
370 1063 509 1087 amores
532 1051 575 1092 6,
599 1053 639 1087 2.
665 1050 720 1085 15.
759 1049 858 1082 aolus
879 1045 941 1081 hio
979 1043 1149 1091 (Seneca)
1179 1045 1259 1079 sere
1292 1043 1333 1080 in
1366 1043 1531 1079 manibus
1557 1046 1683 1080 adole-

176 1095 368 1131 -soentimn
390 1097 460 1132 fuit
486 1099 544 1140 10,
568 1099 602 1137 1,
627 1095 708 1130 126.
739 1094 969 1136 adolescens,
996 1101 1105 1136 quem
1129 1089 1347 1125 instituimus
1369 1091 1403 1132 5,
1423 1093 1479 1134 12,
1500 1094 1559 1126 22.
1596 1095 1683 1126 cura

194 1143 307 1176 semel
329 1148 575 1187 susceptorum
603 1138 883 1175 adolescentium
907 1140 974 1181 11,
998 1140 1017 1171 1
1031 1162 1042 1177 ,
1066 1136 1124 1172 55.
1169 1147 1241 1181 quo
1272 1136 1319 1171 sit
1341 1136 1566 1171 manifestius
1593 1139 1684 1171 ado-

190 1186 379 1224 lescentib.
416 1188 508 1224 meis
541 1187 672 1234 (meos
703 1185 800 1221 enim
829 1194 973 1228 semper
1005 1183 1252 1217 adolescentes
1287 1181 1448 1228 putabo)
1489 1187 1534 1226 7,
1558 1185 1600 1225 3,
1624 1185 1684 1218 30.

195 1233 442 1269 adolescentes
463 1244 548 1270 anon
575 1233 707 1267 debent
737 1229 886 1265 nimimn
920 1229 960 1264 in
986 1229 1080 1262 falsa
1107 1240 1230 1263 rerum
1259 1228 1415 1276 imagine
1438 1229 1612 1272 detineri,
1649 1235 1686 1264 et

195 1277 360 1314 inanibus
384 1292 423 1315 se
449 1280 552 1327 (quod
577 1286 666 1313 recte
687 1277 774 1322 conj.
796 1275 876 1320 Fr.)
907 1274 1107 1311 simulacris
1130 1291 1174 1300 -·
1195 1276 1422 1310 assuefacere
1446 1277 1504 1320 10,
1525 1276 1558 1318 5,
1578 1279 1622 1311 17
1646 1278 1684 1310 S.

149 1318 462 1368 Adolescentia.
497 1335 658 1378 ,hilarem
685 1335 840 1368 adolesc-
863 1334 897 1375 8,
918 1333 956 1377 6,
979 1336 1038 1368 27.
1073 1331 1114 1366 in
1142 1331 1207 1366 illo
1235 1343 1256 1366 a
1279 1331 1486 1375 pueritia
1510 1333 1556 1367 ad
1581 1333 1686 1367 ado-

163 1405 167 1413 ,
194 1381 306 1417 lesc.
334 1382 487 1418 transitu
509 1385 573 1426 11,
596 1383 642 1425 3,
664 1381 724 1416 28.
764 1379 803 1414 iu
826 1378 1105 1414 adolescentiam
1131 1378 1287 1422 perduxi
1313 1377 1463 1423 (filium)
1486 1377 1531 1421 4,
1557 1381 1600 1420 2,
1629 1377 1688 1414 42.

197 1426 337 1464 etiamsi
367 1435 519 1463 aetatem
549 1432 708 1462 nostram
730 1436 806 1469 non
828 1425 944 1470 spatio
977 1423 1270 1468 senectutis,
1305 1425 1370 1459 sed
1392 1429 1554 1468 tempore
1581 1426 1688 1459 ado-

197 1472 460 1510 lescentiae
485 1473 674 1509 metiamur
698 1473 755 1516 12,
776 1473 832 1514 11,
857 1473 912 1506 13.
953 1469 1311 1506 adolescentiae
1336 1470 1542 1515 acquiritur,
1571 1482 1686 1516 quan-

196 1523 273 1554 tum
293 1519 332 1554 iu
358 1520 435 1555 inf
441 1519 574 1555 antia
596 1523 840 1564 praesumtum
863 1521 918 1552 est
939 1516 1111 1562 temporis
1130 1518 1167 1561 1,
1187 1518 1222 1561 1,
1238 1516 1296 1552 19.
1333 1515 1424 1550 illud
1446 1517 1688 1553 adolescentia

198 1575 264 1598 sua
287 1568 438 1603 excusat
462 1569 518 1609 11,
542 1568 575 1609 1,
598 1563 657 1600 74.

117 1617 124 1633 ⁴
151 1612 524 1685 Adelescentulus.
566 1644 593 1686 α·
612 1630 774 1685 Domitio
801 1631 917 1672 Afro,
951 1641 1060 1675 quem
1087 1630 1495 1666 adolescentulus
1513 1642 1690 1684 ‚seu-em

151 1770 160 1774 ,
198 1678 1203 1770 {faesia,⁷·..Qqssssdffidssrssmzzssfflss’ffl
1227 1677 1525 1759 ἶῗιὲιέἓέἇίώιῑῗ
1539 1678 1691 1768 ἐὲῗὲἓὲ

201 1768 305 1804 decet
328 1769 379 1814 (in
403 1769 530 1814 causis)
556 1774 610 1813 11,
633 1774 665 1812 1,
688 1770 746 1805 68.

154 1810 386 1856 Adolesco·
434 1827 466 1862 si
490 1826 707 1861 adolevisset
729 1823 848 1870 (puer)
874 1824 967 1878 5,,9,
992 1825 1049 1859 13.
1086 1835 1162 1859 non
1187 1829 1326 1859 tantum
1349 1825 1434 1859 dum
1461 1825 1692 1861 adolescit

202 1873 473 1951 ”idms-
495 1877 518 1907 ¹·
545 1871 762 1953 ‘wala
787 1871 988 1951 {ad-323
1008 1876 1546 1954 ffssssndffimzfflzzsss
1575 1872 1691 1952 ¹3:232

204 1918 572 2007 {Induitis-:15:³35
583 1966 707 1997 Par-fic.
721 1928 1009 1997 :ainfalntiam
1033 1927 1152 1996 stagim
1179 1962 1316 1997 deliciis
1342 1944 1515 1998 solvimus
1539 1930 1586 1987 —p
1607 1943 1692 2008 quid

207 2015 281 2039 non
307 2008 490 2042 adultus
514 2008 768 2053 concupiscet?
785 2011 819 2051 1,
835 2011 870 2051 2,
884 2009 920 2043 6.
949 2009 1059 2042 adulti
1078 2008 1182 2052 pueri
1199 2021 1276 2052 opp.
1296 2010 1448 2052 juvenes
1470 2009 1556 2043 facti
1569 2012 1606 2053 2,
1615 2011 1695 2051 2,3.

207 2052 328 2084 adulta
351 2058 446 2086 aetas
470 2055 506 2096 2,
532 2052 569 2096 4,
593 2054 627 2088 5.
664 2065 747 2087 cum
768 2053 840 2088 visi
864 2059 946 2087 sunt
970 2053 1082 2092 adulti
1105 2055 1225 2088 foetus
1250 2053 1398 2099 (avium)
1422 2057 1458 2096 2,
1481 2055 1518 2098 6,
1542 2058 1577 2090 7.

162 2092 364 2188 Αίέξρὲξοι
410 2106 451 2141 in
479 2107 706 2152 adoptionem
741 2107 868 2152 (dare)
904 2111 946 2152 3,
968 2109 1014 2152 6,
1038 2110 1096 2145 96.
1147 2109 1327 2145 consulari
1358 2109 1550 2154 adoptione
1577 2111 1613 2156 6,
1636 2113 1697 2148 Pr.

162 2197 347 2254 AdOPtO·
390 2219 466 2244 non
489 2208 669 2244 abdicabis
695 2209 898 2254 adoptatum
924 2211 961 2252 7,
985 2211 1019 2252 1,
1046 2211 1104 2244 21.

164 2253 354 2297 Adorho·
399 2267 492 2301 hanc
520 2277 745 2301 communem
777 2266 937 2300 omnium
961 2267 1078 2314 legem
1105 2266 1235 2305 leviter
1260 2262 1467 2312 adornab'it,
1501 2274 1542 2303 ut
1567 2269 1695 2312 iustam

211 2313 352 2354 (Tur-ic.
384 2326 435 2357 pr.
467 2325 509 2345 m.
539 2311 726 2347 adornavit
755 2311 867 2355 Aor.)
894 2315 932 2356 7,
955 2315 997 2355 1,
1020 2312 1080 2348 47.
1127 2313 1267 2349 viribus
1301 2314 1452 2349 dicentis
1488 2316 1696 2351 adornanda

211 2358 386 2403 probandi
406 2358 655 2404 refutandique
678 2357 770 2393 ratio
797 2363 851 2393 est
874 2359 910 2401 5,
935 2360 992 2399 10,
1015 2359 1072 2395 56.

167 2401 330 2445 Ador0.
377 2415 566 2450 adorantes
590 2414 782 2450 attollimus
805 2413 978 2460 (manus)
1002 2417 1059 2461 11,
1083 2418 1120 2461 3,
1146 2416 1225 2453 115.
1270 2416 1426 2453 Ennium
1460 2417 1553 2453 sicut
1575 2430 1696 2455 sacros

213 2465 390 2494 vetustate
415 2462 516 2495 lucos
542 2462 730 2496 adoremus
755 2462 813 2504 10,
837 2463 870 2504 1,
894 2461 951 2496 88.

167 2502 386 2547 Adlssafio·
431 2517 618 2553 summissa
645 2518 738 2551 adul.
765 2519 821 2559 11,
847 2519 880 2560 1,
905 2518 961 2551 30.
995 2517 1215 2562 frequenter„
1232 2519 1298 2553 sub
1324 2520 1394 2554 hae
1415 2520 1512 2555 facie
1533 2521 1698 2562 (oratione

152 2575 154 2579 ’
215 2561 331 2606 libera)
355 2563 442 2597 latet
462 2564 553 2597 adul.
573 2563 608 2607 9,
627 2566 662 2606 2,
681 2564 740 2598 28.
774 2562 978 2597 animalium
1002 2564 1098 2598 adul.
1123 2570 1159 2599 et
1182 2565 1294 2599 oculis
1321 2571 1357 2600 et
1383 2565 1593 2610 quibusdam
1620 2568 1698 2602 aliis

215 2607 377 2652 corporis
401 2608 511 2656 signis
541 2607 818 2654 deprehenditur
842 2611 904 2651 11,
929 2610 972 2651 3,
994 2609 1060 2652 66;
1122 2617 1283 2655 quartam
1318 2617 1454 2655 partem
1489 2613 1699 2647 adulationis

207 2654 314 2694 (esse
339 2655 544 2698 rhetoricen)
571 2658 615 2700 2,
640 2656 703 2697 15,
728 2654 773 2689 25
800 2654 849 2689 Ν.
903 2655 1000 2700 quod
1026 2675 1072 2682 —
1095 2657 1331 2692 adulationem
1363 2658 1562 2694 medicinae
1593 2666 1701 2696 vocet

217 2698 364 2742 (Plato)
387 2711 585 2746 coquorum
608 2700 794 2736 artificium
820 2702 866 2734 ib.

175 2741 396 2787 Affillfltor·
444 2758 645 2794 adulatores
671 2756 867 2803 praesentis
891 2757 1071 2802 potentiae
1102 2761 1156 2802 12,
1184 2761 1239 2802 10,-
1267 2761 1322 2794 13.
