1728 3002
621 245 739 287 Lora
765 267 822 275 —
849 242 996 286 Lucus
1238 286 1242 292 ,
1516 239 1595 280 501

107 404 200 449 ratio
222 410 321 439 recte
342 405 369 439 l.
393 405 429 448 2,
459 406 492 446 1,
516 401 552 440 4.
646 405 670 439 8
707 383 800 447 1,.2.
846 405 871 439 l.
957 403 1018 437 ula
1042 405 1076 445 1,
1101 405 1138 444 7,
1175 403 1233 435 11.
1279 397 1477 444 simplicior
1505 395 1598 431 ratio

106 453 132 486 l.
154 453 191 494 8,
213 453 249 494 5,
271 451 316 485 33
340 451 390 485 N.
412 455 511 484 recte
532 451 557 485 l.
634 449 731 485 entia
756 454 791 493 1,
815 450 852 492 4,
874 453 909 484 2.
964 448 1170 494 oquendi
1192 445 1306 492 magis
1331 456 1438 490 quam
1463 454 1597 478 oran-

107 496 154 533 di
179 495 334 531 studium
359 497 395 539 9,
417 494 452 539 4,
481 498 548 531 110
568 497 617 530 Ν.
642 497 667 530 l.
690 495 792 531 vices
814 497 851 540 6,
872 494 910 539 4,
940 498 1003 538 11;
1037 494 1099 539 qui
1123 493 1281 527 nondum
1303 490 1390 526 satis
1414 489 1520 535 periti
1541 489 1597 522 lo-

109 542 244 587 quendi
266 541 467 576 facundiam
503 541 751 586 concupierint
782 545 847 586 12,
885 544 953 584 10,
984 540 1042 576 16.
1089 541 1130 581 b)
1160 541 1301 573 Ablat..·
1340 537 1379 572 in
1410 535 1596 582 agendo

109 589 214 623 simul
242 589 566 633 loquendoque
593 590 650 632 10,
675 592 710 632 1,
732 589 791 624 62.
838 588 1010 631 majorem
1032 592 1170 631 partem
1193 585 1337 630 spiritus
1357 584 1395 617 in
1427 583 1503 627 loq.
1532 591 1598 626 per

106 646 211 669 nares
230 634 412 668 effundere
437 637 493 678 11,
517 636 551 676 3,
575 634 633 669 56.
679 645 748 669 nec
771 634 810 668 in
835 635 909 678 loq.
934 632 1234 674 distinctionibus,
1253 627 1485 674 temporibus,
1509 626 1598 661 affe-

60 702 63 703 r
104 679 283 715 ctionibus
303 680 456 714 moleste
482 686 626 714 utemur
646 681 690 715 ib.
718 681 798 717 181.
823 679 914 713 alins
936 679 1008 714 alio
1032 678 1223 713 facundior
1245 682 1282 711 et
1313 676 1352 710 in
1381 675 1455 720 loq.
1485 672 1548 717 (α.
1573 676 1597 710 1.

104 724 228 770 eloq.)
251 725 393 760 dulcior
416 729 472 766 12,
507 728 562 768 10,
593 724 652 760 44.
705 725 916 760 ambitiosae
948 725 988 759 in
1020 726 1096 770 loq.
1130 723 1320 770 jactantiae
1355 724 1412 763 12,
1450 722 1509 772 10,
1536 718 1597 752 40.

105 771 356 806 scribendi
382 772 475 806 ratio
499 772 689 813 coniuncta
712 783 794 807 cum
819 773 909 816 loq.
935 776 989 807 est
1024 774 1058 814 1,
1087 771 1124 814 4,
1159 773 1194 805 3.
1240 770 1330 803 alios
1359 767 1598 801 barbarismos

101 817 331 853 stibendo
353 817 445 860 fieri,
471 817 561 852 alios
587 819 834 863 loquendo
860 822 895 861 1,
920 819 954 860 5,
978 819 1014 852 6.
1039 827 1132 862 quae
1155 815 1445 860 concepissemus
1466 817 1599 852 mente,

61 884 64 886 v
101 871 268 908 promere
289 863 396 898 etiam
417 865 600 908 loquendo
622 867 658 907 2,
684 866 742 908 16,
766 865 823 899 15.
847 876 881 898 υ.
910 863 1044 898 Dico.
1586 866 1597 872 “

56 909 227 968 Lorifflo
270 921 295 955 1.
319 920 550 966 multiplicem
592 923 633 955 V
635 923 646 953 ἰ
658 934 719 964 rg.
747 922 783 964 8,
806 920 841 963 4,
865 919 925 955 24.
953 919 1048 967 Quid
1073 918 1169 953 enim
1191 916 1340 961 faceret,
1364 926 1448 951 cum
1471 920 1510 949 tu
1532 923 1598 962 ga-

19 972 21 974 “
103 968 195 1000 leam
221 971 258 1000 et
279 966 428 1000 loricam
450 966 630 1000 haberes?
668 970 706 1001 C.
734 970 906 1001 caesar
927 967 963 1009 6,
989 969 1024 1007 3,
1047 966 1108 1000 91.

57 1010 300 1052 Loricam&
355 1033 437 1056 cum
462 1021 632 1057 loricatus
655 1022 694 1056 in
720 1023 804 1057 foro
827 1024 1023 1057 ambularet
1045 1023 1082 1064 8,
1110 1021 1146 1063 5,
1172 1021 1229 1054 15.

57 1065 235 1109 Lorum-
277 1077 367 1114 loris
390 1079 541 1113 caedere
568 1080 604 1122 5,
630 1082 686 1122 10,
710 1080 766 1114 88.
791 1078 950 1124 (senam)
978 1079 1067 1114 ioris
1090 1078 1264 1112 intentam
1285 1076 1323 1118 6,
1344 1077 1381 1115 3,
1402 1073 1461 1109 25.

58 1122 285 1165 Lubricus-
329 1134 467 1170 iubrica
490 1141 545 1170 est
569 1147 613 1169 ac
634 1135 713 1170 fluit
738 1134 930 1180 (historia)
952 1137 988 1180 9,
1011 1135 1048 1179 4,
1076 1136 1154 1171 129.

56 1177 218 1223 Luceo.
275 1191 309 1233 l)
334 1193 486 1235 lucus,
519 1191 602 1236 quia
622 1192 749 1227 umbra
772 1204 918 1237 opacus,
947 1203 1107 1237 parum
1129 1192 1287 1225 luceat
1323 1187 1487 1239 (sardum
1509 1186 1599 1218 ludi-

104 1236 240 1281 brium)
264 1240 298 1281 1,
320 1239 357 1281 6,
379 1236 436 1272 34.
481 1239 603 1272 luce'nt
625 1237 698 1282 (ex
724 1240 850 1272 emend.
872 1243 938 1281 Z.;
976 1241 1047 1282 Sp.
1069 1235 1214 1280 luceat)
1250 1237 1341 1269 haec
1371 1238 1460 1266 citra
1485 1231 1599 1282 solem

108 1285 233 1326 12,10,
244 1284 342 1319 768.
393 1282 441 1326 11)
468 1288 613 1318 1mnsl..·
645 1295 737 1327 quae
761 1295 808 1319 ne
831 1289 1067 1328 apparent
1095 1282 1261 1328 quidem,
1292 1279 1454 1330 ubi-tota
1482 1282 1599 1311 oratio

103 1330 234 1364 lucet
255 1331 292 1372 8,
315 1330 351 1372 5,
373 1330 433 1365 29.
480 1341 628 1373 quarum
651 1329 764 1375 (fig.)
793 1330 927 1364 utilitas
961 1330 1002 1364 in
1037 1331 1139 1364 nullo
1162 1339 1236 1364 non
1278 1331 1452 1361 orauoms
1489 1334 1602 1368 opere

101 1375 164 1410 vel
184 1374 379 1410 clarissime
401 1376 499 1409 lucet
521 1377 558 1419 9,
582 1378 615 1419 1,
634 1378 690 1411 19.

51 1432 235 1487 ‘Lucida
283 1443 533 1477 emendate
555 1454 598 1477 ac
625 1443 716 1477 luc.
741 1441 793 1486 (a.
818 1447 842 1479 1.
867 1440 995 1487 dilue.)
1017 1440 1211 1477 dicentium
1233 1443 1270 1485 8,
1289 1442 1325 1483 3,
1344 1441 1378 1475 1.
1403 1438 1456 1474 sic
1479 1444 1603 1474 osten-

105 1489 168 1523 dit·
178 1488 398 1524 lucidissime
422 1500 564 1526 causam
587 1492 624 1532 4,
653 1489 688 1532 5,
715 1491 774 1533 12,

58 1534 263 1579 Lucidus.
318 1545 354 1592 1)
380 1545 494 1580 amnis
516 1547 587 1579 luc.
612 1545 759 1589 quidam
784 1548 840 1588 12,
865 1548 922 1587 10,
947 1545 1003 1580 60.
1051 1542 1102 1588 11)
1130 1548 1247 1582 vav-³1,
1262 1546 1295 1576 fn
1320 1544 1473 1595 aiqengzo.
1497 1539 1536 1583 α)
1560 1542 1604 1574 ae

106 1594 311 1626 hominibus.-
353 1593 451 1626 solos
484 1603 564 1626 esse
602 1591 744 1626 Atticos
776 1597 956 1626 tenues
991 1596 1027 1625 et
1056 1592 1148 1624 luc.
1182 1595 1219 1624 et
1251 1589 1602 1634 significantes

107 1640 167 1682 12,
195 1639 254 1680 10,
273 1641 341 1681 213
372 1644 413 1672 ut
439 1640 553 1672 multo
579 1636 844 1680 infirmior,
867 1637 917 1671 ita
941 1637 1166 1681 aliquatenus
1199 1635 1417 1670 lucidior
1438 1631 1603 1676 (metor)

107 1686 165 1726 10,
191 1686 225 1725 1,
248 1684 307 1718 74.
352 1682 395 1729 β)
419 1685 462 1717 de
488 1686 642 1727 scrip1is:
683 1695 762 1718 eam
785 1683 1054 1726 (narrationem)
1078 1684 1210 1718 volunt
1245 1692 1325 1716 esse
1358 1679 1514 1714 lucidam
1536 1686 1599 1712 eic-

106 1730 232 1774 Neque
255 1729 350 1764 enim
372 1730 508 1772 refert,
541 1741 586 1762 an
612 1738 680 1773 pro
706 1729 869 1764 lucida
891 1729 1199 1773 perspicuam
1232 1746 1279 1752 —-
1309 1725 1471 1759 dicamus
1504 1723 1539 1766 4,
1563 1727 1601 1766 2,

107 1777 165 1808 31.
212 1773 410 1819 propositio
429 1776 536 1809 debet
551 1787 630 1808 esse
648 1781 815 1819 aperta
834 1781 870 1809 et
889 1776 973 1808 luc.
991 1775 1139 1816 4,5‚26.
1179 1771 1434 1807 manifesta
1453 1776 1488 1804 et
1511 1771 1602 1803 luc.

109 1819 202 1853 ratio
224 1822 270 1854 ib.
293 1823 339 1862 ὃς
380 1819 704 1854 faciliora-ad
735 1820 1111 1867 intelligendum
1143 1825 1180 1852 et
1210 1817 1456 1852 lucidiora
1488 1817 1602 1866 multo

111 1867 148 1906 2,
171 1867 208 1906 3,
230 1866 266 1898 8.
309 1870 350 1898 ut
372 1865 419 1898 sit
441 1877 546 1899 causa
569 1865 722 1900 lucidior
746 1865 782 1909 4,
805 1865 842 1906 4,
865 1865 902 1899 4-
928 1865 973 1906 cs.
999 1866 1036 1907 4,
1066 1868 1103 1908 2,
1134 1866 1193 1900 83.
1225 1863 1262 1905 4,
1296 1866 1340 1906 5,
1378 1866 1412 1899 1.
1460 1872 1532 1905 ‘1¹10
1555 1867 1603 1894 su

111 1920 171 1943 res
183 1909 338 1943 lucidior
350 1913 385 1953 7,
398 1912 434 1952 3,
447 1913 506 1943 21.
531 1910 729 1946 brevior
751 1918 789 1946 et
802 1912 866 1947 vel
882 1911 964 1945 ideo
982 1911 1096 1944 multo
1120 1909 1321 1944 lucidior
1341 1908 1403 1943 via
1420 1910 1454 1951 3,
1472 1909 1528 1950 11,
1543 1909 1603 1944 23,

108 359 300 401 voa-1219,
325 361 363 402 3,
389 360 413 392 2
436 359 485 395 ιν.
508 356 556 399 cs.
577 359 620 445 ἒ,
640 360 674 402 1,
719 360 740 393 3
779 360 814 402 1,
838 359 874 401 2,
901 356 958 392 14.
986 358 1021 400 1,
1045 357 1081 400 5,
1105 357 1165 391 35.
1187 354 1224 397 9,
1247 354 1285 398 3,
1310 355 1371 389 28.
1399 350 1436 394 4,
1458 338 1599 395 22'118.

581 461 633 485 sci

63 1964 332 2008 Lucrativus.
378 1981 418 2009 ut
440 1977 530 2010 nihil
564 1978 761 2013 lucrativae
791 1988 924 2021 operae
954 1979 999 2014 ad
1035 1977 1264 2012 scribendum
1294 1984 1359 2010 etc.
1382 1974 1459 2019 rapi
1483 1973 1604 2018 aliquo

112 2027 294 2055 momento
317 2022 486 2065 temporis
511 2022 624 2065 possit
658 2026 713 2065 10,
737 2026 773 2065 7,
797 2026 843 2057 27
868 2026 917 2057 Ν.

64 2068 267 2110 Lucrum.
320 2079 345 2111 1.
371 2078 555 2112 sordidum
581 2082 613 2120 1,
639 2081 696 2121 12,
725 2078 782 2113 16.
817 2078 930 2113 sicubi
954 2082 1065 2123 majus
1089 2082 1114 2113 Ι.
1138 2083 1193 2113 est
1215 2081 1252 2121 8,
1275 2078 1311 2120 3,
1337 2078 1395 2111 69.
1430 2087 1496 2110 cur
1518 2076 1604 2119 hoc,

111 2125 461 2168 quantulumeunque
483 2130 559 2167 est,
585 2126 676 2158 lucr.
701 2124 924 2159 fastidiamus
948 2128 982 2168 1,
1010 2129 1042 2168 1,
1067 2127 1125 2160 18.

64 2171 284 2212 Luctator.
331 2185 368 2214 et
392 2181 495 2223 luet„
519 2180 579 2225 qui
602 2180 711 2214 totius
735 2181 897 2225 corporis
920 2181 1001 2215 nisu
1025 2181 1062 2215 in
1086 2180 1145 2223 id,
1181 2180 1279 2224 quod
1318 2180 1430 2213 semel
1462 2178 1606 2219 invasit,

112 2226 303 2268 ἱησυπὼἰῖ,
324 2226 455 2260 fortior
474 2227 519 2261 ab
542 2226 598 2260 his
618 2231 771 2261 vocatur
791 2229 837 2268 2,
862 2230 929 2270 12,
955 2230 991 2262 2.
1037 2237 1111 2272 quo
1139 2226 1249 2260 modo
1270 2224 1607 2270 palaestricus

112 2273 174 2307 ille
196 2272 306 2306 faciet
328 2289 372 2299 —
394 2273 685 2307 luctatorem
708 2275 744 2315 2,
772 2273 808 2315 8,
831 2276 867 2311 7.

66 2328 241 2376 Luctffl'·
290 2339 438 2373 nimium
461 2339 601 2374 solicite
624 2338 727 2383 (Sp.
752 2356 799 2362 —
823 2338 875 2383 ti)
897 2346 934 2374 et
957 2338 1053 2373 circa
1084 2338 1205 2374 omnia
1239 2342 1418 2372 momenta
1441 2336 1606 2371 luctantis

114 2389 173 2429 12,
196 2389 230 2426 2,
255 2388 311 2418 12.
335 2385 511 2428 humeris,
536 2391 573 2419 ut
597 2385 763 2419 luctaturi
786 2386 917 2428 solent,
942 2386 988 2420 ad
1010 2384 1216 2430 occipitium
1238 2383 1355 2418 ductis
1385 2386 1442 2426 11,
1462 2385 1500 2426 3,
1525 2383 1605 2418 160.

112 2431 253 2474 inipso
282 2431 440 2465 luctandi
466 2432 660 2466 certamine
685 2434 742 2473 12,
770 2434 806 2473 2,
832 2434 888 2464 12.

48 2477 326 2518 ἱῙιιιοῐιιῡευε.
371 2488 544 2521 acerba
570 2499 612 2522 ac
634 2489 852 2522 luctuosa
874 2490 911 2531 6,
934 2491 971 2531 2,
993 2490 1053 2523 23.

47 2532 243 2590 ᾗῘΛΙῦῐΠΒ·
266 2545 383 2578 luctus
407 2544 598 2588 aliquando
620 2544 770 2578 ridicula
791 2545 901 2578 fuerit
925 2543 1136 2587 imitation,
1157 2545 1193 2586 2,
1216 2542 1273 2577 26.
1298 2542 1369 2576 ira
1393 2544 1454 2577 vel
1481 2543 1607 2576 luctu

52 2615 53 2618 η
110 2599 325 2633 permovere
349 2589 426 2634 (sc.
446 2590 647 2635 judices)
679 2593 715 2634 2,
742 2593 797 2633 10,
820 2594 855 2625 8.

69 2642 347 2687 Lucubratio.
388 2659 414 2690 1.
437 2657 611 2701 optimum
638 2659 770 2692 secreti
792 2668 907 2705 genus
932 2660 990 2702 10,
1012 2659 1048 2701 3,
1079 2659 1138 2691 27.
1183 2655 1299 2703 fuligo
1320 2654 1607 2690 lucubrationum

56 2737 65 2748 ὃ
114 2701 268 2736 bibenda
292 2706 349 2746 11,
376 2706 412 2746 3,
435 2706 494 2737 23.

48 2730 286 2791 1-Lucubro.
331 2760 560 2793 lucubrantes
585 2762 640 2802 10,
667 2762 702 2802 3,
730 2761 788 2795 25.
1135 2784 1137 2789 .

50 2798 232 2861 ,ζ’,ῘΛΙΰῑΙΙι
257 2826 292 2850 υ.
308 2816 339 2850 1.
349 2827 429 2851 uce
439 2827 475 2852 o.
500 2815 656 2851 Ennium
670 2815 765 2852 sicut
782 2826 906 2854 sacros
920 2819 1096 2854 vetustate
1111 2815 1215 2851 lucos
1229 2815 1419 2850 adoremus
1435 2814 1493 2855 10,
1505 2813 1539 2855 1,
1547 2811 1607 2847 88.
