1728 3002
490 214 713 258 Possessio
739 237 798 246 -
826 211 1006 254 Possum
1437 205 1514 246 671

11 348 13 352 ’
34 338 171 370 exeunt
195 334 239 366 ib.
265 329 322 367 15.
370 338 462 375 quae
486 328 660 364 feminina
687 325 867 370 positione
889 334 1025 367 mares,
1059 320 1211 357 neutrali
1236 319 1387 355 smninns
1414 319 1525 367 signi-

33 382 141 416 ficant
167 381 212 413 ib.
239 380 274 419 1,
299 375 339 420 4,
365 375 425 411 24.
472 371 685 421 δμοιολογία
712 392 759 398 -
781 378 816 407 et
839 371 877 406 in
900 369 1087 406 sententiis
1102 394 1114 412 ,
1149 374 1185 402 et
1208 367 1246 402 in
1268 368 1465 422 figur-isna-
1488 367 1526 400 in

32 426 214 469 positione
238 425 304 467 (sic
327 429 409 468 opu.
429 422 556 466 Codd.‚·
582 423 653 466 Sp.
677 428 852 463 compos.,
872 425 923 452 ter
946 429 1009 452 om.
1032 415 1089 460 in)
1112 415 1526 462 longe—ingratissima

0 498 230 559 Pos’sessio·
275 526 304 567 1)
331 535 407 560 non
427 521 755 568 proprietatis
792 526 850 557 est
872 519 1035 566 quaestio
1069 519 1143 572 sed·
1167 523 1303 553 tantum
1337 528 1529 560 posses-

37 574 187 610 sionis
214 574 250 616 7,
277 572 312 615 5,
336 574 371 606 3.
418 582 500 606 cum
524 571 603 615 jure
625 571 802 605 bonorum
829 567 1009 611 possessio
1028 570 1147 600 testati
1173 566 1367 599 secundum
1393 566 1531 600 tabulas

37 618 238 655 testamenti
262 619 367 652 detur
396 617 430 660 5,
458 615 515 660 14,
539 617 606 659 153
644 627 735 661 quae
769 614 998 656 (rhetorice),
1037 613 1121 646 dum
1153 620 1264 653 opere
1298 611 1414 653 cedit,
1458 613 1531 656 jam

38 675 152 709 paene
178 664 406 708 possessione
430 663 579 705 depulsa
601 667 655 697 est
686 665 725 705 2,
762 665 795 705 1,
831 661 865 696 5.
911 659 1025 706 magis
1059 659 1149 693 haec
1188 657 1445 702 (phieosophia)
1477 656 1531 692 illi

37 711 181 748 videtur
202 711 242 745 in
263 708 494 753 possessione
519 719 638 743 earum
660 719 780 743 rerum
804 706 916 741 fuisse
941 709 998 747 12.
1022 707 1056 746 2,
1084 705 1118 739 5.
1165 704 1209 739 ab
1235 713 1344 745 opere
1363 705 1534 748 pulcher-

36 757 151 800 rimo,
186 758 287 801 cujus
310 761 539 790 tractatus
577 760 648 800 atq.
679 753 757 796 ipsa
788 763 913 795 poss.
948 750 1188 795 plenissimam
1222 750 1348 784 studiis
1381 750 1532 796 gratiam

36 804 150 838 refert
173 805 230 845 12,
254 803 312 846 11,
338 803 395 838 29.
440 800 494 845 11)
517 803 542 835 i.
574 813 610 847 q.
641 801 900 846 praedium.-
943 797 1166 844 requirebat,
1206 795 1275 830 Ubi
1312 802 1431 831 essent
1466 807 1532 831 eae

36 849 282 893 possessiones
305 848 341 892 6,
367 850 404 891 3,
425 845 485 882 44.

0 891 305 949 ¹possessivum.
351 903 390 937 in
421 903 551 948 quibus
602 900 853 946 (soloecismis)
892 899 1099 943 patrium
1141 908 1208 941 pro
1237 897 1535 940 possessivo

10 988 12 990 ,
41 952 174 986 dicitur
191 952 255 987 vel
279 955 404 984 contra
431 953 466 993 1,
490 950 526 992 5,
548 946 606 983 45.

0 992 238 1039 possessor.
285 1019 306 1042 a
332 1017 443 1050 poss„
468 1006 563 1050 qnod
590 1004 810 1047 possidetur,
847 1006 889 1039 nt
911 1001 1128 1037 tems-sem
1159 1003 1396 1044 devorari,
1434 1001 1537 1043 cujus

43 1053 295 1096 patrimonium
317 1058 548 1088 consumatur
571 1050 730 1096 (tropus)
757 1052 794 1094 8,
816 1050 852 1094 6,
873 1050 919 1085 25
946 1061 1024 1094 opp.
1048 1054 1151 1083 actor
1172 1049 1219 1094 (in
1242 1049 1537 1082 declamationibus

43 1103 69 1134 ἰ.
91 1113 121 1144 q.
147 1099 386 1147 defensor)
408 1102 444 1143 7,
469 1101 505 1142 1,
528 1098 575 1132 38
596 1098 642 1132 N.

0 1153 238 1197 possibilis.
268 1163 436 1210 δηναιὸν,
459 1165 555 1211 quod
573 1163 687 1199 nostri
705 1163 875 1207 possibile
896 1161 1100 1198 nominant:
1125 1143 1216 1208 quae
1224 1167 1265 1197 ut
1276 1162 1363 1196 dura
1371 1162 1541 1198 videatur

46 1209 256 1268 appellatio,
283 1218 404 1248 tamen
426 1213 504 1246 sola
534 1217 590 1245 est
612 1213 646 1254 3,
670 1212 705 1254 8,
727 1211 774 1245 25
796 1211 841 1244 Ν.

3 1306 9 1310 ,
34 1257 219 1305 08811180.
264 1270 363 1315 qnod
387 1268 591 1311 possidetur
612 1269 648 1310 8,
671 1268 709 1307 6.
747 1267 806 1302 25.
835 1278 920 1311 qma
953 1266 1052 1300 bello
1084 1269 1215 1307 parta
1248 1276 1324 1300 non
1353 1265 1423 1300 nisi
1457 1267 1540 1304 ead.

43 1314 443 1358 vivossideantur
487 1315 520 1355 5,
558 1316 613 1354 10,
644 1313 725 1348 115.
771 1324 840 1347 nec
870 1312 1079 1358 quisquam,
1125 1311 1186 1356 qui
1221 1312 1438 1347 sufficientia
1470 1311 1541 1346 sibi

46 1360 260 1404 possidebit,
291 1363 388 1396 hunc
411 1366 600 1405 quaestum
622 1359 700 1394 sine
725 1358 874 1394 crimine
897 1360 1058 1393 sordium
1087 1357 1215 1392 fecerit
1240 1361 1296 1401 12,
1321 1363 1355 1402 7,
1380 1360 1414 1394 9.
1466 1369 1542 1393 non

7 1442 11 1447 ,
41 1408 166 1443 solum
187 1407 390 1449 possedisse
412 1418 480 1440 nos
505 1407 571 1440 sed
593 1405 701 1450 etiam
732 1411 895 1439 nostrum
916 1404 1120 1447 possedisse
1143 1408 1178 1446 7,
1204 1405 1239 1448 5,
1266 1407 1310 1448 33
1341 1404 1400 1446 his
1424 1405 1545 1447 possi-

3 1482 21 1506 ,⁸
39 1452 208 1491 ‚dabimus
234 1453 328 1499 (Sp.
352 1454 559 1495 -demus)
581 1451 740 1497 judicum
764 1451 903 1486 animos
926 1453 962 1495 6,
987 1454 1021 1494 1,
1048 1452 1094 1486 52
1119 1454 1164 1485 Ζ.

4 1510 199 1563 mum.
247 1521 287 1555 Si
308 1525 437 1562 potero
471 1519 624 1565 (paeon)
663 1521 699 1563 9,
722 1518 759 1564 4,
786 1519 865 1554 106.
893 1517 935 1563 α)
961 1525 999 1553 tu
1027 1519 1068 1553 in
1098 1530 1157 1553 me
1190 1518 1267 1561 dic,
1306 1522 1342 1552 et
1376 1523 1480 1559 potes
1506 1520 1541 1561 9,

5 1569 86 1608 Ρ”2,
108 1567 168 1602 97.
190 1576 273 1599 cum
293 1565 460 1600 occidere
485 1577 568 1600 eum
592 1577 699 1600 nemo
727 1565 903 1607 potuisset
934 1564 985 1608 (i.
1011 1578 1043 1609 q.
1070 1564 1400 1608 sustinuisset)
1429 1567 1472 1607 4,
1507 1567 1543 1607 2,

29 1613 110 1646 72.
138 1621 219 1645 cum
239 1611 352 1645 maria
378 1612 530 1646 transire
554 1620 617 1645 etc.
637 1611 797 1646 minores
822 1612 886 1645 sed
910 1611 1130 1645 difficiliores
1162 1617 1256 1644 artes
1278 1609 1462 1651 potuerint
1486 1613 1544 1652 12,

31 1659 110 1698 .11,
133 1658 190 1691 10.
210 1664 280 1691 nec
301 1662 342 1690 ut
363 1668 412 1691 ex
434 1663 596 1699 tempore
619 1658 740 1691 dicere
767 1656 919 1700 malit,
946 1659 1009 1691 sed
1037 1663 1078 1690 ut
1102 1656 1256 1698 possit
1289 1658 1345 1699 10,
1379 1658 1416 1698 7,
1449 1654 1484 1693 4,
1510 1667 1543 1689 v.

4 1707 11 1721 ἱ
53 1703 182 1736 Nolo.
205 1711 348 1744 posse
371 1709 502 1745 antem,
525 1703 681 1737 maxime
712 1702 742 1736 si
774 1702 914 1745 velit,
947 1703 1120 1744 optimum
1152 1712 1329 1746 quemque
1364 1704 1400 1744 2,
1436 1703 1472 1743 3,
1508 1701 1545 1735 5.

52 1756 130 1783 uon
150 1753 272 1781 tamen
295 1748 451 1789 potui,
488 1759 531 1782 ac
556 1759 604 1782 ne
628 1748 767 1782 debui
789 1748 934 1792 quidem
966 1750 1003 1791 6,
1032 1751 1067 1791 2,
1100 1751 1119 1781 1
1158 1760 1189 1781 v.
1221 1748 1399 1781 Debeo.
1448 1747 1547 1790 quod

55 1793 122 1827 sub
147 1792 305 1826 extrario
330 1799 538 1827 accusatore
557 1799 593 1827 et
614 1794 751 1839 legibus
774 1800 900 1840 agente
923 1795 1095 1835 prodesse
1123 1792 1276 1837 nunq‘u
1288 1804 1348 1826 am
1371 1798 1548 1836 potest,

55 1838 96 1873 in
136 1838 340 1872 domesticis
379 1839 695 1880 disceptationibus
727 1846 893 1881 potest
923 1843 959 1883 7,
991 1839 1028 1883 4,
1058 1841 1093 1875 9.
1131 1839 1359 1880 philosophia
1389 1838 1549 1872 simulari

56 1888 236 1928 potest,
270 1885 473 1928 eloquentia
498 1895 590 1918 non
608 1891 769 1926 potest
792 1888 848 1928 12,
872 1887 908 1928 3,
934 1888 993 1922 12.
1018 1885 1064 1927 cs.
1090 1887 1147 1928 10,
1171 1886 1205 1927 5,
1230 1888 1261 1919 7.
1290 1897 1321 1918 v.
1353 1885 1467 1919 Non.
1502 1884 1548 1929 β)

59 1943 91 1964 ι·.
116 1929 206 1971 Infi:
239 1930 338 1973 quod
359 1939 471 1976 genus
498 1930 618 1964 chriae
639 1930 758 1965 videri
780 1937 899 1972 potest
923 1933 960 1974 2,
989 1930 1025 1974 4,
1056 1932 1115 1966 26.
1157 1931 1201 1972 cs.
1239 1933 1297 1973 11,
1337 1932 1370 1971 1,
1402 1929 1439 1964 4.
1484 1931 1551 1964 Est

57 1981 178 2023 gratus
199 1975 321 2019 jocus,
346 1975 406 2019 qui
429 1974 582 2010 minus
609 1977 819 2020 exprobrat,
846 1988 975 2021 quam
1009 1982 1171 2021 potest
1194 1977 1231 2019 6,
1256 1978 1291 2017 3,
1316 1975 1371 2010 94.
1401 1986 1551 2020 compo-

23 2059 27 2063 ·
58 2021 142 2067 sitio
164 2021 253 2055 satis
276 2020 401 2055 odiosa
426 2032 506 2055 esse
528 2032 603 2055 non
628 2022 760 2065 poterit
784 2023 821 2064 9,
843 2022 880 2066 4,
904 2025 984 2057 137.
1031 2022 1169 2057 etiamsi
1202 2023 1338 2056 habere
1370 2027 1489 2065 potest
1511 2025 1549 2066 2,

58 2071 95 2111 2,
119 2066 177 2102 14.
201 2077 312 2111 quare
335 2072 454 2110 potest
475 2073 511 2101 et
534 2067 651 2101 coisse
677 2079 758 2101 cum
779 2067 862 2102 viro
885 2070 920 2110 5,
946 2069 982 2110 9,
1006 2071 1041 2103 7.
1064 2080 1151 2102 nmn
1172 2067 1344 2101 infirmari
1365 2067 1406 2102 in
1433 2068 1552 2113 aliqua

35 2136 41 2145 -r
58 2119 161 2159 parte
186 2113 250 2146 lex
274 2112 387 2155 possit
413 2116 449 2156 7,
474 2115 508 2155 1,
531 2111 589 2148 49.
634 2124 726 2156 quae
749 2123 840 2147 non
860 2119 940 2148 tuto
971 2113 1043 2148 dici
1074 2119 1223 2158 possunt
1258 2114 1303 2156 8,
1337 2115 1380 2156 3,
1413 2116 1472 2149 37.
1504 2126 1552 2149 ue

59 2158 208 2195 omnino
230 2158 343 2202 possit
366 2169 440 2192 non
462 2157 663 2206 intelligere
687 2160 722 2201 8,
745 2162 780 2199 2,
815 2159 873 2193 24.
921 2160 1004 2195 adv.
1042 2160 1246 2194 desertores
1280 2159 1412 2203 scripta
1449 2159 1553 2204 (lex)

59 2215 135 2239 non
155 2209 295 2248 potest,
329 2203 400 2238 nisi
424 2204 591 2248 optione,
615 2204 775 2239 subverti
802 2208 837 2245 7,
862 2209 897 2248 7,
923 2206 959 2242 6.
1002 2215 1122 2240 sermo
1147 2205 1234 2252 fingi
1260 2216 1336 2240 non
1358 2211 1490 2250 potest,
1513 2212 1555 2241 ut

60 2261 135 2286 non
163 2258 224 2284 etc.
262 2250 306 2291 9,
337 2252 383 2292 2,
418 2252 487 2291 32;
533 2250 745 2285 scholastica
770 2251 940 2294 materia,
973 2253 1036 2286 sed
1073 2263 1168 2294 non,
1203 2253 1300 2298 quae
1336 2262 1410 2286 non
1440 2252 1554 2297 possit

61 2296 224 2330 accidere
249 2298 306 2338 11,
331 2298 365 2337 1,
389 2297 446 2330 82.
474 2297 583 2329 multa
606 2297 675 2340 jam
697 2297 808 2332 video
831 2308 940 2341 posse
963 2297 1112 2332 evenire
1136 2301 1193 2342 12,
1223 2302 1256 2340 1,
1281 2298 1337 2334 39.
1368 2309 1427 2341 ne,
1457 2300 1555 2343 quod

27 2341 160 2376 *effici
184 2351 256 2374 non
280 2346 422 2384 potest,
461 2342 707 2388 aggrediamur
732 2344 768 2385 6,
795 2345 830 2386 5,
860 2346 896 2377 2.
943 2344 1056 2388 quue
1089 2344 1166 2378 fieri
1196 2354 1270 2378 non
1301 2345 1418 2388 potuit
1447 2345 1484 2388 9,
1517 2348 1554 2390 2,

63 2389 122 2422 55.
151 2397 269 2429 neque
293 2386 389 2420 enim
411 2387 488 2422 fieri
510 2394 585 2432 pot.
612 2405 679 2430 —,
710 2389 740 2422 si
763 2399 838 2422 non
862 2397 923 2424 etc.
946 2393 1005 2433 12,
1030 2393 1086 2432 10,
1121 2391 1179 2424 46.
1227 2390 1257 2424 si
1293 2390 1330 2424 id
1362 2390 1441 2424 fieri
1478 2397 1554 2436 pot.

65 2436 123 2476 11,
148 2436 182 2474 1,
205 2435 263 2467 71.
285 2431 382 2467 idem
403 2433 483 2467 fieri
504 2442 579 2468 non
600 2433 773 2468 inutiliter
794 2441 888 2479 pot.
914 2449 993 2480 opp.
1015 2436 1093 2470 fieri
1117 2442 1287 2480 oporte
1302 2436 1373 2470 bit
1401 2436 1436 2479 4,
1472 2439 1507 2480 3,
1530 2441 1554 2473 7

65 2490 100 2512 v.
123 2478 219 2512 Fio.
265 2476 307 2522 y)
330 2491 359 2512 c.
384 2481 569 2522 cnapheum
602 2479 699 2523 Dic,
738 2481 910 2525 numquid
935 2487 1039 2526 potes
1064 2483 1110 2516 de
1146 2483 1260 2517 Sexto
1294 2482 1429 2517 Annali
1459 2484 1495 2526 6,
1518 2486 1555 2527 3,

65 2523 125 2559 86.
147 2529 189 2557 ut
210 2523 328 2558 media
349 2523 497 2569 primis,
527 2531 563 2559 et
589 2537 727 2560 summa
749 2527 877 2561 mediis
902 2529 1238 2571 accommodentur,
1275 2534 1311 2563 et
1340 2539 1556 2574 quocunque

64 2570 175 2604 nodo
197 2571 464 2606 ,accommodari
493 2576 610 2615 potest
633 2571 695 2615 (a.
719 2576 742 2606 1.
766 2578 954 2617 poterunt)
978 2576 1014 2617 9,
1047 2577 1081 2617 3,
1115 2576 1171 2610 78.
1203 2585 1249 2609 ne
1280 2574 1376 2610 dicet
1409 2575 1555 2620 quidem

42 2617 173 2666 msalse,
197 2615 362 2668 quotiens
384 2617 517 2660 poterit
539 2618 574 2659 63
599 2620 634 2660 3,
659 2619 716 2652 30.
740 2631 771 2652 υ.
798 2619 1043 2664 Quotiens.
1091 2620 1274 2665 Optimum
1302 2627 1378 2656 erat
1403 2634 1555 2669 negare:

55 2662 130 2709 ,ned
158 2661 255 2713 (Sp.-
278 2661 334 2706 sl)
364 2673 437 2696 non
459 2669 598 2708 potest,
631 2663 764 2698 occidit
788 2675 875 2711 ergo
898 2669 934 2706 7,
960 2669 993 2708 1,
1017 2666 1065 2701 34
1094 2668 1142 2705 N.
1189 2667 1220 2701 si
1249 2678 1438 2711 possumus
1461 2672 1496 2711 7,
1519 2668 1555 2711 4,

58 2708 139 2759 13..
169 2706 323 2742 Occides
349 2708 462 2762 ergo?
495 2709 526 2762 si
552 2714 680 2754 potero
703 2711 739 2752 9,
762 2714 798 2753 2,
821 2713 879 2746 91.
903 2712 1088 2757 prudentis
1112 2719 1187 2756 est,
1229 2725 1302 2758 quo
1337 2713 1376 2748 in
1412 2725 1556 2758 quoque

66 2758 238 2804 eptimam
259 2759 333 2805 est,
366 2765 397 2788 si
419 2761 554 2799 possit,
588 2767 692 2795 suum
713 2757 835 2798 facete
859 2759 916 2800 10,
941 2761 980 2801 2,
1003 2758 1062 2793 26.
1108 2765 1170 2793 aut
1202 2760 1342 2802 satis,
1373 2766 1434 2794 aut
1457 2766 1556 2795 certe

69 2803 136 2835 tut
157 2803 392 2842 potuimus
416 2803 474 2845 10,
499 2805 533 2845 1,
555 2800 590 2836 4.
637 2807 676 2837 ut
699 2802 831 2846 optime
853 2814 1040 2848 possumus
1064 2804 1122 2849 (a.
1147 2811 1170 2840 l.
1185 2805 1390 2851 possimus)
1415 2809 1472 2850 12,
1496 2808 1554 2849 10,
