1728 3002
150 232 155 241 f
201 199 286 243 400
673 192 954 239 Imbecillum
984 216 1042 228 —
1059 193 1271 248 <Imitatio-

247 307 391 348 virtutis
414 310 471 351 10,
494 308 529 351 2,
557 307 632 360 15..
660 307 701 353 β),
722 319 784 361 per
804 310 953 352 singulos
972 310 1102 345 00qu
1130 309 1240 353 eutium
1260 308 1454 354 (suffiae)
1476 310 1622 348 rusticis
1645 322 1728 358 quo-

249 369 318 403 que
347 374 390 409 .—
414 360 560 399 apparet
588 356 706 398 aliqua
730 364 792 387 im.
833 358 877 398 2,
911 358 980 399 20,
1011 357 1046 391 6.
1100 356 1204 390 nobis
1231 356 1369 401 aliquas
1393 361 1475 393 ante
1501 360 1628 395 oculos
1654 370 1728 394 esse

249 403 480 454 imagines-9,
505 403 540 443 2,
565 401 621 434 33.
648 406 817 449 ,recentes
838 412 908 438 rer.
931 401 1004 439 im:
1017 402 1186 439 continuo
1213 401 1348 446 impeta
1368 404 1532 442 feruntur
1553 408 1611 448 10,
1623 407 1660 449 7,
1677 400 1728 445 14

249 461 316 484 nos
341 451 408 483 hae
431 459 491 480 im.
518 452 783 490 prosequuntur
805 448 890 489 (0.1.
916 449 1032 492 pets.)
1054 450 1089 491 6,
1107 451 1141 491 2,
1167 451 1228 487 30.
1270 449 1331 487 im.
1355 460 1613 496 nonnunquam
1633 462 1728 491 mora

251 496 322 531 stili
343 494 605 547 ‘refrigescunt‘
625 495 691 545 10.,
718 496 773 545 ’7,
806 493 865 532 14,
911 495 970 531 im.
998 494 1126 531 dilatae
1156 505 1232 532 non
1252 502 1482 532 revertuntur
1505 500 1573 540 10,
1596 500 1639 540 7,
1665 497 1728 550 14]

246 543 438 587 imaginem
463 550 544 574 veri
572 540 783 572 dlscrluums
811 545 848 575 et
875 540 1015 574 dicendi
1043 542 1140 587 leges
1171 541 1388 586 competisse
1426 543 1610 586 (Binum.
1645 556 1728 587 οωι).

249 587 528 628 combibisse)
559 587 615 627 12,
643 588 696 627 11,
727 586 780 622 15.
812 587 1001 630 concipere
1028 587 1200 634 imagines
1224 599 1293 622 rer.
1321 592 1355 631 1,
1376 591 1411 631 2,
1435 591 1493 626 30.
1519 588 1565 631 os.
1587 588 1728 632 1‚10‚4

229 628 283 677 ⁵2,
307 635 366 676 20,
391 631 426 666 4.
460 633 495 674 6,
519 634 551 668 2.
576 633 632 665 30.
662 633 702 684 ,8,
726 633 760 674 3,
783 631 842 684 643
877 635 933 675 11,
960 635 994 674 3,
1018 634 1076 669 62.
1111 633 1250 677 penitus
1274 635 1329 669 rei
1355 645 1468 672 conce
1493 634 1520 669 it
1542 634 1728 682 imaginem

247 682 283 723 6,
309 683 342 722 2,
371 681 427 713 33.
465 684 549 729 tota·
565 688 634 711 rer.
660 688 717 730 im.
743 679 863 712 verbis
890 679 1152 723 quodammodo
1176 679 1378 726 depingitur
1400 682 1442 724 8,
1466 647 1508 724 g,
1531 680 1589 716 63.
1629 692 1728 725 qiiam

248 726 400 761 dicendo
425 724 649 765 effimumus,
679 734 795 770 unago
824 725 858 766 6,
885 728 916 766 1,
943 726 1000 759 28.
1038 724 1229 772 imaginem
1251 726 1393 761 virtutis
1419 726 1592 775 effingere
1619 724 1678 770 10,,
1701 730 1728 767 2.

249 775 304 808 15.
338 770 508 813 omnium,
533 769 661 813 quibus
682 780 812 809 vocem
837 772 963 813 dabat,
987 771 1178 818 imaginem
1205 772 1382 816 expressit
1405 770 1552 816 (cicero)
1577 775 1612 816 3,
1625 774 1661 816 8,
1677 773 1728 808 50.

247 818 291 861 cs.
317 819 351 860 8,
377 820 409 851 3.
435 819 492 851 72.
528 818 582 858 10,
610 818 642 858 1,
670 817 727 850 69.
765 828 889 850 sensus
919 828 991 850 non
1016 819 1165 858 ea'udem
1184 817 1266 860 im.,
1291 830 1396 863 quam
1419 830 1491 861 res,
1519 820 1654 853 habent
1678 821 1728 862 11,

246 869 281 909 2,
306 863 363 898 24.
395 862 539 898 veritati
566 861 767 906 proximam
791 862 852 896 im.
876 863 992 897 reddit
1014 866 1055 908 2,
1080 866 1137 908 10,
1159 866 1195 900 2.
1233 862 1282 899 ita
1304 865 1592 910 repraesentavit
1609 864 1728 912 imagi·

246 923 329 945 nem
355 909 501 944 sceleris
529 909 562 951 6,
590 911 621 951 1,
650 910 708 943 31.
743 907 788 949 cs.
813 909 855 952 63
884 912 918 952 2,
944 911 1000 945 29.

199 953 487 1000 Iinbecillitas.
535 966 697 1008 fallitque
723 967 952 1010 plerumque,
988 966 1084 1010 quod
1115 965 1333 1011 probitas
1359 972 1533 1010 vocatur,
1549 986 1551 989 .
1568 978 1659 1011 quae
1683 971 1728 1002 est

203 1015 206 1019 ’
245 1013 469 1049 imbecillitas
494 1014 528 1055 6,
550 1010 585 1054 4,
614 1015 668 1046 12.
708 1023 794 1047 suae
825 1011 1168 1047 imbecillitati
1201 1013 1425 1048 sanitatis
1459 1013 1728 1058 appellationem

245 1060 444 1096 obtendunt
470 1061 534 1100 12,
561 1060 627 1098 10,
653 1058 708 1099 15,

201 1102 463 1150 Imbecillus.
510 1114 690 1149 imbecilla
718 1115 842 1149 natm-3
868 1116 910 1158 5,
937 1117 1004 1157 12,
1028 1112 1063 1148 4.
1098 1114 1351 1150 imbeomiores
1375 1115 1410 1159 5,
1439 1102 1494 1159 ιο,
1519 1113 1586 1158 49;
1620 1114 1728 1150 imbe·

246 1165 328 1201 cilla
353 1164 538 1213 frons-12,
563 1162 596 1204 5,
620 1160 655 1195 4.
689 1160 875 1196 imbecillis
904 1161 951 1204 (a.
967 1165 991 1193 l.
1015 1161 1178 1204 —libus)
1202 1161 1356 1208 ingeniis
1379 1165 1414 1205 2,
1438 1163 1475 1204 8,
1504 1164 1548 1195 12
1571 1163 1608 1195 S.
1643 1163 1728 1196 mals

247 1216 284 1244 et
306 1208 552 1243 imbecilla
575 1218 652 1242 vox
678 1220 755 1251 opp.
783 1209 877 1241 bona
902 1206 1108 1251 firmaque
1133 1211 1190 1250 11,
1214 1210 1249 1250 3,
1275 1209 1333 1242 13.
1369 1220 1403 1242 v.
1427 1208 1622 1241 Firmus.

199 1263 402 1313 [inbellis.
453 1284 519 1318 pro
546 1273 628 1307 viro
663 1272 758 1317 (Sp.
787 1275 880 1315 om.)
915 1275 1037 1308 forti
1068 1280 1193 1308 contra
1223 1275 1467 1309 »imbellem
1503 1272 1612 1317 (0.1.
1642 1264 1728 1308 im-

246 1318 433 1362 becillem)
467 1322 512 1362 3,
542 1322 584 1361 7,
624 1320 677 1354 19.
725 1319 833 1352 Nirea
860 1320 1040 1352 imbellem
1065 1319 1266 1363 accepimus
1290 1321 1324 1360 3,
1346 1322 1381 1362 7,
1411 1321 1466 1354 19.
1501 1319 1530 1353 si
1547 1321 1610 1354 des
1634 1331 1728 1356 arma

245 1366 426 1404 timidis
463 1370 500 1400 et
533 1363 808 1399 imbellibus
845 1367 914 1408 12,
944 1366 990 1408 5,
1021 1368 1056 1400 2.
1103 1364 1217 1409 qualis
1247 1365 1325 1399 auri
1348 1364 1557 1413 argentique
1580 1365 1728 1407 imbellii

247 1414 395 1460 (fulgor)
425 1414 479 1454 10,
505 1413 537 1453 1,
563 1412 618 1444 30.

197 1460 366 1507 Imbuo.
407 1467 449 1511 Ι)
473 1477 599 1511 sapor,
632 1477 703 1511 quo
727 1477 823 1501 nova
845 1465 982 1511 imbuas
1008 1468 1043 1509 1,
1068 1467 1102 1508 1,
1127 1464 1162 1501 5.
1209 1464 1269 1508 11)
1296 1470 1437 1500 transl..⁸
1473 1467 1613 1507 aninum
1640 1456 1728 1514 ⁰9⁰⁷

244 1518 312 1556 mis
336 1516 512 1550 imbuatur
541 1516 573 1554 1,
588 1514 623 1556 8,
650 1515 683 1547 5.
719 1511 764 1554 cf.
789 1515 824 1555 2,
848 1514 883 1556 3,
907 1516 941 1546 2.
978 1511 1102 1546 servili
1125 1512 1328 1546 vernilitate
1352 1511 1529 1547 imbuatur
1557 1516 1591 1557 1,
1615 1471 1728 1557 11,ἓ

244 1575 327 1599 eum
350 1561 449 1596 vitiis
472 1559 597 1593 imbuit
621 1562 654 1601 1,
682 1561 715 1601 1,
740 1559 776 1594 9.
812 1569 879 1593 nec
902 1558 1080 1592 imbuatur
1103 1557 1212 1602 (vox)
1248 1569 1292 1595 ea
1316 1558 1595 1602 consuetudine,
1627 1562 1728 1604 quad

245 1612 428 1647 desertura
455 1607 502 1640 sit
533 1608 595 1648 11,
626 1607 670 1648 3,
709 1604 756 1638 24
789 1605 826 1640 S.
879 1604 1045 1650 religiosa
1080 1604 1232 1648 quadam
1271 1604 1535 1644 necessitudine
1577 1604 1728 1642 imbuta!

245 1651 446 1700 (amicitiae)
473 1655 514 1695 1,
537 1654 580 1694 2,
603 1653 659 1685 20.
692 1651 792 1685 velut
816 1651 967 1695 quadam
989 1648 1242 1694 superstitione
1263 1649 1420 1684 imbutus
1445 1652 1480 1694 3,
1506 1653 1539 1694 1,
1561 1653 1620 1691 22,
1716 1691 1728 1722 i

198 1709 438 1756 Imitabilis.
477 1719 612 1753 nemini
636 1717 843 1753 imitabilem
873 1719 936 1760 10,
964 1719 997 1759 1,
1022 1719 1080 1751 61.
1113 1727 1206 1761 quae
1228 1715 1267 1750 in
1289 1721 1432 1752 oratore
1454 1716 1613 1752 maxima

244 1767 429 1804 imitabilia
452 1776 526 1801 non
549 1770 632 1799 sunt
658 1767 714 1806 10,
735 1767 770 1807 2,
797 1767 851 1798 12.
878 1764 1051 1808 quaedam
1074 1762 1260 1797 imitabilia
1287 1761 1344 1807 (Z.
1363 1762 1489 1798 inimit-
1514 1775 1548 1797 v.
1560 1762 1616 1807 S.)
1637 1774 1716 1806 sun,

243 1816 373 1896 quitata
372 1818 466 1894 1211}
465 1811 597 1893 Iinnnn'
598 1812 663 1845 itas
687 1816 834 1845 naturae
860 1820 934 1844 non
957 1808 1123 1852 sufficiat,
1148 1807 1411 1847 antdiversitat
1423 1814 1599 1857 repugnet
1619 1767 1728 1899 ila-1³

195 1907 398 1951 Imitatio.
446 1917 485 1950 α)
517 1927 544 1948 c.
573 1915 701 1948 Genii„-
737 1911 954 1956 antiquitatis
990 1914 1054 1954 11,
1081 1913 1125 1954 3,
1155 1913 1211 1945 10.
1254 1921 1475 1955 supervacua
1500 1909 1585 1945 artis
1612 1909 1674 1945 im.
1720 1904 1725 1930 Γ

242 1968 312 2007 20,
349 1965 384 1997 3.
433 1960 758 2003 condiscipulorum
788 1970 893 2002 quam
922 1957 1162 2002 praeceptoris
1183 1956 1395 2002 jucundior,
1434 1957 1505 1990 hoo
1531 1958 1611 2003 ipso
1633 1912 1728 2001 quoa

242 2009 397 2051 facilior,
421 2005 572 2041 imitatio
596 2010 650 2039 est
676 2007 692 2038 1
707 2030 717 2047 ,
742 2007 785 2046 2,
810 2006 866 2038 26.
901 2003 946 2045 cf.
971 2007 1012 2047 2,
1036 2006 1072 2047 3,
1097 2006 1152 2038 10.
1187 2009 1388 2038 nostrorum
1412 2002 1588 2036 dictorum
1612 2003 1728 2048 facto,

242 2066 394 2100 rumque
419 2053 480 2087 im.
509 2063 574 2097 per
597 2051 807 2085 relationem
831 2051 867 2093 9,
886 2052 920 2092 2,
948 2050 1007 2086 59.
1044 2049 1105 2084 im.
1127 2049 1200 2083 fori
1227 2047 1527 2092 consiliorumque
1552 2050 1588 2091 2,
1610 2046 1647 2091 4,
1671 2047 1728 2088 41ᾃ

239 2103 302 2137 im.
329 2102 547 2135 Graecorum
573 2100 628 2138 10,
644 2098 769 2141 1,108.
797 2101 833 2130 et
856 2098 972 2130 luctus
997 2100 1033 2129 et
1054 2095 1129 2130 irae
1153 2101 1189 2129 et
1215 2093 1468 2140 indignationis
1491 2093 1552 2127 im.
1576 2095 1611 2136 6,
1623 2089 1693 2136 2,2

240 2149 300 2183 im.
326 2146 489 2192 poeticae
512 2143 678 2178 licentiae
704 2146 738 2185 2,
765 2141 800 2185 4,
824 2144 858 2176 3.
891 2142 952 2175 im.
976 2151 1114 2175 morum
1140 2141 1336 2179 alienorum
1360 2139 1404 2182 9,
1427 2142 1473 2182 2,
1498 2140 1555 2174 58.
1589 2149 1704 2173 mortu

244 2206 285 2229 ac
309 2194 405 2228 vitae
441 2192 501 2225 im.
538 2190 554 2234 (
562 2192 628 2232 fig.
654 2202 710 2232 ap.
740 2189 848 2231 Cic.)
882 2189 928 2230 9,
965 2190 998 2231 1,
1022 2189 1078 2222 30.
1116 2187 1260 2221 mollior
1281 2195 1538 2229 nonnunquam
1565 2196 1647 2219 cum
1669 2196 1728 2219 re-

241 2238 482 2286 prehensione
505 2236 670 2270 diversae
694 2234 802 2278 partis
825 2233 885 2267 im.
912 2235 975 2276 11,
1000 2235 1043 2276 3,
1069 2234 1148 2267 165.
1186 2232 1229 2266 ab
1255 2230 1333 2275 ipsa
1366 2231 1554 2265 actione
1587 2235 1657 2275 atq.
1683 2242 1702 2264 a

240 2285 534 2321 imitatione
558 2292 706 2315 rerum
731 2282 765 2323 8,
790 2278 827 2324 4,
854 2278 913 2314 43.
942 2280 1004 2316 im.
1032 2278 1175 2312 alterius
1201 2277 1395 2320 scripturae
1416 2279 1451 2320 9,
1477 2280 1512 2319 2,
1539 2275 1597 2314 34.
1626 2275 1721 2323 calli,

242 2332 387 2366 dissime
411 2328 647 2374 simplicitatis
670 2327 729 2359 im.
761 2325 809 2369 4,
833 2327 880 2368 2,
909 2327 965 2360 57.
1012 2323 1284 2360 versificationis
1311 2334 1353 2356 ao
1375 2321 1579 2357 sermonum
1603 2322 1664 2356 im.
1690 2322 1728 2409 ἓ

241 2381 276 2420 2,
301 2378 356 2412 35.
393 2377 604 2419 (verborum)
627 2372 782 2414 vitiosa,
817 2371 847 2404 si
873 2370 1016 2405 efficere
1041 2369 1159 2402 omnia
1185 2369 1357 2412 velimus,
1393 2368 1454 2403 im.
1491 2371 1558 2412 11,
1581 2369 1624 2410 3,
1648 2369 1691 2402 15

241 2424 303 2458 im.
328 2422 490 2457 veritatis
517 2421 550 2460 5,
578 2423 633 2460 12,
659 2421 726 2460 22;
759 2418 818 2451 im.
843 2415 1021 2451 scribendi
1047 2418 1079 2457 1,
1104 2417 1135 2454 1.
1164 2416 1221 2449 35.
1269 2417 1320 2460 β)
1347 2427 1407 2458 per
1432 2417 1575 2456 singulos
1601 2416 1728 2453 Casus}

242 2469 279 2512 a)
311 2471 501 2502 Nominat..·
542 2467 692 2499 facultas
717 2463 841 2497 orandi
864 2467 1128 2495 consummatur
1151 2467 1296 2503 natura,
1323 2466 1420 2504 arte,
1446 2458 1728 2506 exercitationes*

241 2515 300 2547 cui
320 2520 479 2558 quartam
503 2517 639 2556 partem
664 2509 833 2553 adjiciunt
851 2507 994 2552 quidam
1018 2506 1308 2547 imitationis,
1334 2518 1439 2551 quam
1462 2516 1529 2540 nos
1549 2505 1617 2539 arti
1639 2505 1728 2544 subt?

241 2559 380 2603 jicimus
408 2562 442 2598 3,
467 2560 501 2601 5,
528 2562 545 2591 1
574 2558 621 2591 N.
663 2555 816 2589 dicere
845 2559 926 2587 ante
951 2553 1067 2586 omnia
1091 2559 1144 2586 est
1167 2571 1210 2578 -
1234 2552 1433 2597 proximam
1455 2551 1586 2586 deinde
1615 2549 1728 2587 imis

241 2606 358 2638 tatio
374 2617 490 2646 nem,
515 2603 745 2637 novissimam
769 2598 1005 2634 scribendi
1031 2609 1174 2643 quoque
1199 2597 1490 2645 diligentiam
1515 2599 1571 2638 10,
1587 2594 1728 2640 1,3N2;

242 2650 378 2696 ingenii
412 2650 550 2695 signum
582 2649 621 2682 in
651 2647 772 2692 parvis
804 2645 1032 2690 praecipuum
1067 2644 1290 2678 memoria
1325 2649 1379 2677 est
1401 2662 1466 2676 —.
1512 2642 1661 2677 Proxim

242 2695 446 2730 imitatio
477 2698 510 2736 1,
535 2697 569 2735 3,
595 2698 625 2727 1.
650 2695 710 2728 im.
750 2694 920 2736 frequens
942 2690 1069 2724 transit
1094 2691 1132 2723 in
1157 2701 1276 2724 mores
1300 2692 1333 2732 1,
1358 2691 1414 2731 11,
1439 2690 1472 2722 3.
1512 2698 1558 2721 ne
1581 2687 1641 2721 im.
1663 2648 1728 2730 3

245 2741 376 2775 dicium
402 2741 629 2773 antecederet
652 2743 697 2777 2.
725 2741 766 2780 5,
792 2740 848 2772 26.
883 2737 927 2771 iis
950 2735 1155 2770 felicissime
1179 2735 1284 2770 cessit
1307 2734 1367 2768 im.
1410 2737 1465 2776 10,
1489 2736 1524 2776 2,
1548 2735 1603 2767 16.
1651 2740 1720 2776 quo

243 2787 334 2826 vitio
357 2787 491 2832 periret
513 2783 573 2818 im.
599 2787 635 2828 2,
664 2787 719 2828 10,
747 2786 801 2819 13.
844 2784 915 2819 hoc
942 2781 1232 2819 exercitatio
1261 2780 1377 2826 petit,
1411 2781 1483 2815 hoc
1515 2777 1720 2815 imitatio
