1728 3002
755 204 920 260 Sequor
1515 203 1596 243 823

44 358 48 362 ,
87 346 89 348 -
111 321 173 357 hic
194 333 272 366 seq.
295 322 399 356 locus
418 319 508 355 talis
523 323 578 354 est
597 321 642 361 7,
666 321 706 359 2,
731 317 780 354 45
799 319 847 353 Ν.
875 294 922 353 ad
938 317 1026 352 illud
1042 328 1119 361 seq·
1138 320 1344 361 praevertat·
1366 319 1427 359 12,
1448 318 1489 358 2,
1507 314 1531 350 4
1545 317 1593 352 Ν.

111 378 185 414 quo
210 367 306 403 enim
326 365 457 412 prius
482 364 681 410 pertinere,
717 364 747 399 si
772 375 978 409 sequens
1001 364 1138 398 firmum
1162 362 1304 397 sit?-—
1335 373 1415 396 cum
1442 361 1505 396 ino
1529 373 1598 395 se-

48 430 51 433 -
111 413 280 459 quenti
305 413 351 447 sit
373 413 452 446 solo
474 412 645 446 utendum
665 410 709 454 4,
738 413 783 454 5,
811 413 867 445 13.
897 410 1080 456 prioris
1104 407 1303 443 sententiae
1332 409 1482 443 verbum
1513 407 1596 442 ulti-

110 470 209 495 mmn
231 470 273 494 ac
295 458 543 503 sequentis
565 456 715 502 primum
739 457 946 501 frequenter
977 462 1031 491 est
1057 455 1152 490 idem
1176 457 1211 499 9,
1235 457 1270 497 3.
1293 453 1351 489 44.
1375 456 1477 499 palus
1501 454 1597 488 aliud

142 505 291 541 τίοι-,οι
303 505 439 549 syllaba
464 505 595 551 longa,
622 503 717 537 eliud
740 503 959 547 sequenti
981 502 1154 550 significat
1179 504 1218 543 1,
1237 504 1281 544 7,
1304 503 1340 535 3.
1370 506 1430 534 aut
1452 500 1595 544 prima

89 516 220 597 ivvii.)
241 556 343 586 acum
360 570 406 577 —
424 556 485 584 aut
508 549 610 594 apice
635 549 876 584 circumducta
903 548 1117 594 sequenti
1147 547 1243 591 (Sp.
1271 547 1470 590 sequente)
1500 550 1534 589 1,
1562 547 1596 588 5,

110 599 224 632 23,Ζ.
249 598 300 631 Ν.
335 609 368 631 v.
402 595 553 630 Prior.
595 607 745 640 quarum
775 597 867 630 duae
900 595 1084 640 primae
1125 592 1368 636 deliberativi,
1404 593 1496 626 dnae
1531 603 1596 627 se-

111 649 313 688 quentes
343 641 632 684 demonstrativi,
668 648 742 676 tres
773 642 967 676 ultimae
1000 640 1175 686 judicialis
1199 638 1341 687 generis
1373 644 1455 673 sunt
1478 644 1596 682 partes

112 691 155 732 3,
179 687 222 731 4,
254 689 289 725 9.
318 687 381 723 illa
404 687 657 733 sequeutia
685 698 752 722 suo
769 689 869 723 loco:
896 698 992 722 nunc
1020 698 1111 732 quae
1135 687 1180 721 de
1203 685 1344 730 prima
1366 691 1501 730 parte
1523 690 1597 719 tra-

109 735 239 771 ctanda
261 740 363 778 sunt,
390 735 512 769 ordiar
535 737 579 777 2,
603 733 671 777 14,
698 736 730 769 5.
767 735 808 767 Iu
833 733 1032 769 actionibus
1070 732 1269 777 primum
1294 731 1509 779 generaliter
1530 741 1597 775 pro

48 785 49 789 ’
108 780 357 825 testibus-atq.
381 780 419 814 in
443 786 552 814 testes
575 779 646 815 dici
671 781 762 815 solet
787 800 845 813 —.
885 781 1109 826 Sequens
1131 777 1223 813 ratio
1250 784 1305 812 est
1328 793 1370 803 -·
1399 776 1596 811 Interim

79 850 82 851 ν
111 834 174 861 etc.
202 828 244 869 5,
267 829 304 870 7,
327 827 361 862 5.
395 838 428 860 ο.
453 826 643 861 Primus.

158 895 218 937 11)
250 897 442 928 ratione.
477 893 521 939 ι)
549 904 624 928 non
650 894 744 929 enim
768 893 1079 929 conceditur:
1114 898 1233 927 cetera
1257 892 1395 937 sequi
1419 890 1486 926 nisi
1511 901 1600 924 con-

111 939 249 980 firmata
276 942 385 974 altera
415 945 515 984 parte
539 951 611 974 non
635 946 783 985 possunt
808 941 850 982 5,
879 939 942 983 14,
967 942 1024 974 13.
1061 951 1172 974 unum
1194 939 1372 972 intuentes
1396 937 1461 972 vix
1483 936 1599 980 aliqua

112 997 198 1032 pars
219 986 379 1032 sequitur
405 988 470 1028 10,
494 987 516 1019 2
530 1012 540 1028 ,
564 987 610 1021 26
631 987 677 1020 Ν.
703 986 850 1020 affectus
872 996 946 1020 non
970 985 1097 1028 aliter,
1121 996 1227 1029 quam
1251 985 1282 1019 si
1304 985 1411 1018 rebus
1434 983 1519 1026 ipsis
1546 982 1601 1016 in-

115 1032 302 1076 tersimus,
324 1036 518 1076 sequentur
541 1032 582 1074 6,
604 1035 646 1073 2,
670 1034 727 1066 32.
753 1037 921 1076 sequetur
944 1042 1079 1064 summa
1102 1030 1268 1064 confusio
1295 1032 1338 1072 3,
1359 1030 1401 1071 6,
1428 1031 1487 1064 29.
1520 1039 1601 1062 cum

116 1074 364 1124 sequitur,
403 1088 475 1112 non
499 1088 578 1111 cum
605 1078 862 1111 affectatur
884 1076 1007 1120 (decus
1030 1079 1064 1110 in
1087 1077 1243 1118 dicendo)
1266 1077 1313 1118 8,
1336 1076 1395 1108 Pr.
1422 1076 1477 1110 18.
1506 1075 1601 1109 unde

115 1124 276 1170 sequitur
293 1125 384 1159 alter
403 1124 508 1158 labor
529 1126 565 1167 1,
588 1126 620 1167 1,
645 1125 701 1160 28.
731 1134 821 1168 quae
845 1123 949 1166 (laus)
972 1129 1047 1156 tum
1071 1127 1126 1156 est
1147 1119 1403 1167 pulcherrima,
1430 1131 1510 1155 cum
1535 1131 1602 1155 se-

116 1169 303 1224 quitur,
323 1178 400 1212 non
421 1181 502 1204 cum
529 1169 793 1204 arcessitur
818 1171 874 1211 10,
895 1171 932 1212 2,
955 1171 1014 1204 27.
1051 1169 1139 1202 Inde
1156 1168 1365 1202 immodeste
1385 1171 1602 1211 proponunt,

115 1227 193 1251 sine
216 1216 368 1261 pudore*
381 1214 569 1259 uffirmant.
606 1215 775 1260 Sequitur
796 1214 835 1248 in
858 1215 919 1258 iis,
945 1225 1036 1259 quae
1051 1220 1187 1248 certum
1206 1219 1260 1248 est
1277 1213 1373 1247 effici
1390 1223 1465 1246 non
1483 1223 1602 1256 posse,

114 1260 300 1309 deformia*
386 1259 507 1306 'sacia
533 1267 570 1295 et
591 1260 712 1296 irritus
730 1261 833 1294 labor
859 1263 921 1303 12,
947 1263 989 1303 1,
1015 1262 1071 1295 13.
1103 1259 1155 1294 sic
1178 1259 1354 1294 rationem
1377 1260 1466 1299 (Sp.
1490 1258 1603 1292 ratio-

112 1309 196 1350 nes)
285 1319 308 1347 n
351 1307 474 1352 sfund-
497 1313 692 1351 sequantur
713 1306 784 1350 (sc.
813 1314 1028 1350 argumenia;
1054 1309 1097 1340 Ζ.
1124 1306 1242 1349 conjic.
1271 1303 1451 1349 sequatur)
1477 1306 1520 1347 5,
1549 1306 1604 1346 10,

114 1352 183 1390 125
236 1377 248 1387 .
278 1365 313 1389 v.
335 1352 597 1388 Cohaereo.
651 1355 699 1399 β)
733 1366 763 1387 c.
792 1355 953 1397 Praepos-
977 1365 1045 1386 ex.-
1086 1351 1291 1396 Aliquando
1321 1350 1489 1395 utrinque
1523 1355 1604 1384 sunt

113 1405 242 1443 testes,
265 1405 302 1434 et
324 1397 487 1444 quaestio
512 1399 673 1444 sequitur
697 1410 752 1433 ex
775 1397 883 1443 ipsis,
907 1397 988 1432 Utri
1011 1397 1178 1432 meliores
1204 1396 1300 1432 viri?
1338 1408 1395 1431 ex
1421 1395 1536 1430 causis
1558 1416 1604 1422 —

97 1454 172 1480 'ex
196 1445 433 1493 litigatoribus
457 1445 494 1490 5,
515 1448 552 1488 7,
578 1443 634 1482 34.
657 1450 822 1478 secutura
846 1455 899 1478 ex
923 1443 980 1478 his
1007 1444 1138 1478 utilitas
1163 1445 1207 1486 3,
1231 1444 1275 1485 8,
1303 1444 1360 1478 39.
1409 1442 1457 1486 γ)
1482 1456 1511 1476 c.
1535 1444 1605 1476 Ob-

112 1492 213 1536 iecto.
252 1490 290 1535 a)
313 1491 456 1526 divitias
482 1490 568 1536 quid
592 1497 773 1536 sequatur,
799 1496 860 1523 aut
883 1490 1062 1531 ambitum,
1089 1495 1149 1523 aut
1171 1488 1459 1532 superstitionem
1488 1488 1523 1527 5.
1549 1490 1604 1530 10,

117 1540 186 1579 173
223 1542 259 1571 et
284 1542 449 1581 potentes
471 1537 632 1582 sequitur
654 1536 811 1578 invidia,
838 1541 875 1569 et
895 1536 1048 1569 humiles
1072 1536 1300 1578 abjectosque
1325 1539 1546 1575 contemtus,
1570 1538 1606 1566 et

116 1588 239 1625 turpes
263 1592 306 1615 ac
328 1587 500 1616 nocentes
523 1582 644 1616 odium
669 1581 704 1623 4,
731 1586 762 1617 1,
795 1579 849 1614 14.
879 1581 950 1614 hoc
972 1582 1066 1615 male
1089 1580 1267 1614 imitantes
1293 1579 1453 1623 sequitur
1476 1579 1606 1612 obscu-

116 1627 205 1662 ritas
227 1627 271 1670 8,
294 1628 339 1669 3,
359 1628 416 1662 82.
443 1626 489 1668 cs.
513 1625 557 1670 4,
585 1630 631 1669 2,
655 1625 712 1660 44.
747 1626 911 1659 facienda
938 1628 1049 1660 multo
1073 1626 1156 1660 stilo
1183 1627 1296 1659 forma
1321 1631 1395 1667 est,
1427 1635 1518 1669 quae
1542 1636 1607 1658 nos

110 1672 227 1708 ‚etiam
258 1672 455 1719 cogitantes
490 1678 659 1717 sequatur
683 1674 748 1715 10,
774 1672 817 1715 6,
841 1674 875 1706 3.
904 1673 1039 1715 refert,
1071 1671 1110 1704 in
1141 1677 1308 1715 quantum
1341 1670 1454 1704 dictus
1484 1676 1607 1715 tropus

117 1724 299 1753 oratorem
322 1724 491 1762 sequatur
516 1720 557 1759 8,
582 1719 626 1761 6,
649 1716 705 1750 24.
751 1716 792 1760 b)
823 1720 847 1750 i.
872 1731 904 1762 q.
930 1720 1170 1759 contingit.-
1206 1727 1282 1750 non
1306 1715 1427 1750 omnia
1450 1726 1518 1750 nos
1541 1718 1606 1749 du-

119 1770 242 1802 centes
268 1774 316 1798 ex
340 1764 478 1798 Graeco
506 1769 720 1808 sequuntur,
748 1763 838 1796 sicut
865 1774 910 1797 ne
933 1763 1016 1797 illos
1041 1763 1208 1807 quidem,
1243 1761 1408 1806 quotiens
1438 1761 1511 1796 suis
1534 1762 1606 1795 uti-

68 1817 70 1819 “
117 1821 190 1854 que
217 1809 339 1844 verbis
363 1809 504 1855 signare
526 1815 648 1844 nostra
669 1810 861 1843 voluerunt
887 1812 934 1852 2,
960 1808 1027 1851 14,
1052 1812 1087 1842 1.
1118 1809 1213 1852 quod
1240 1818 1341 1842 meae
1365 1817 1508 1852 quoque
1530 1819 1607 1842 me-

119 1855 254 1890 moriae
289 1854 569 1889 mediocritatem
600 1856 814 1899 sequebatur
835 1857 901 1898 11,
923 1859 966 1898 2,
991 1856 1047 1890 39.
1106 1854 1154 1898 y)
1185 1867 1253 1898 seq.
1285 1861 1348 1886 ui.-
1380 1865 1463 1887 nam
1488 1853 1529 1887 si
1553 1859 1605 1888 est

118 1901 304 1936 insidiatus
327 1900 494 1944 Clodius,
518 1901 698 1945 sequitur,
724 1907 769 1934 ut
790 1906 889 1935 recte
910 1900 958 1934 sit
978 1900 1117 1935 occisus
1142 1902 1177 1943 3,
1205 1903 1261 1942 11,
1286 1900 1341 1932 17.
1367 1898 1412 1940 qs.
1438 1901 1473 1942 3,
1494 1900 1528 1942 8,
1546 1902 1607 1933 23.

122 1951 188 1990 12,
213 1950 252 1980 11
267 1972 280 1989 ,
307 1949 364 1980 20.
390 1953 513 1981 natura
538 1948 775 1991 sequebatur,
798 1952 846 1980 ut
867 1947 1017 1982 meliora
1040 1946 1232 1990 probantes
1259 1945 1422 1990 pejorum
1445 1945 1607 1989 poenite-

119 1999 176 2028 ret
198 1993 241 2035 6,
265 1993 310 2035 5,
333 1993 369 2027 8.
514 1992 517 1995 ”

167 2059 248 2103 111)
277 2063 529 2094 voluntate.
575 2057 617 2100 a)
640 2065 904 2104 sequentur
942 2059 1032 2104 (Sp.
1057 2058 1279 2104 sequuntur)
1318 2058 1501 2102 discipuli,
1537 2070 1608 2103 quo

122 2105 321 2140 duxeris
344 2107 388 2148 8,
411 2106 469 2138 Pr.
492 2107 513 2138 3
531 2108 574 2139 Ζ.
606 2111 837 2148 sequetur
865 2106 976 2152 magis
1002 2118 1106 2150 quam
1129 2111 1420 2149 praecurret
1446 2104 1610 2149 (discip.)

125 2156 166 2192 1,
188 2154 234 2193 3,
260 2155 292 2186 3.
324 2157 362 2183 ut
393 2150 493 2194 sequi
523 2151 593 2194 jam
622 2150 694 2184 suis
716 2151 852 2185 viribus
879 2151 994 2195 possit
1016 2152 1144 2193 (disc.)
1166 2154 1231 2190 10,
1258 2154 1300 2193 1,
1326 2151 1383 2185 15.
1419 2150 1609 2195 etiamqui

123 2209 261 2232 summa
283 2202 472 2240 appetunt,
505 2197 804 2230 contendere
826 2197 944 2240 potius
968 2209 1073 2242 quam
1097 2196 1234 2240 sequi
1258 2197 1391 2230 debent
1414 2199 1479 2239 10,
1508 2199 1551 2237 2,
1574 2198 1611 2232 9.

125 2255 206 2278 cum
228 2249 470 2276 transversum
497 2241 535 2276 vi
561 2252 623 2275 sua
645 2242 799 2283 iudicem
822 2243 965 2285 ferat,
997 2249 1114 2276 tamen
1139 2242 1200 2277 ille
1226 2253 1300 2276 non
1320 2241 1423 2286 rapi
1446 2242 1611 2278 videatur

126 2290 190 2324 sed
214 2288 344 2332 sequi
369 2290 424 2330 10,
448 2290 480 2329 1,
508 2289 585 2322 110.
612 2299 677 2331 per
700 2299 823 2322 omnes
850 2289 994 2323 affectus
1016 2294 1184 2332 tractatus
1210 2290 1282 2322 huc
1309 2293 1416 2332 atque
1443 2287 1527 2322 illuc
1554 2300 1611 2323 se-

126 2340 255 2379 quetur
278 2337 339 2376 (Ζ,
364 2335 406 2366 de
430 2332 595 2376 conjeci.‚·
623 2335 687 2376 Sp.
710 2333 770 2368 hic
791 2335 910 2378 itaque
934 2335 1020 2368 illuc
1043 2347 1096 2376 s.·,
1128 2333 1223 2376 Subi.
1248 2335 1490 2376 intelligendum
1514 2337 1610 2368 vide—

128 2388 183 2414 tur
202 2377 372 2423 iudex)
397 2381 461 2418 12,
484 2381 549 2421 10,
576 2380 620 2412 62
637 2380 683 2413 N.
706 2387 737 2413 et
758 2382 795 2413 S.
843 2379 887 2424 β)
912 2394 941 2413 c.
973 2381 1049 2424 obj,
1079 2379 1121 2420 a)
1145 2392 1328 2423 personae.-
1365 2379 1483 2414 liberti
1505 2381 1610 2414 here-

127 2427 208 2460 dem
233 2431 427 2469 sequantur
452 2427 487 2467 7,
511 2427 547 2465 7,
569 2426 616 2466 9;
642 2437 747 2468 quem
770 2431 912 2459 secutus
938 2425 1014 2460 Cic.
1042 2427 1135 2459 hauc
1161 2426 1290 2459 famam
1311 2425 1416 2459 latius
1438 2426 1529 2459 fudit
1555 2430 1612 2470 11,

127 2475 172 2515 2,
197 2470 261 2514 14;
301 2471 400 2506 velut
429 2469 622 2513 simplicius
657 2472 826 2505 docentes
858 2478 1053 2515 sequuntur
1084 2473 1180 2514 pueri
1213 2474 1254 2512 1,
1280 2473 1345 2512 12,
1375 2474 1427 2504 11.
1462 2483 1610 2518 magnos

129 2518 239 2551 duces
261 2515 490 2561 sequentibus
515 2519 558 2559 1,
582 2516 627 2559 6,
654 2519 688 2551 2.
717 2528 823 2560 quem
852 2518 969 2561 potius
998 2527 1065 2563 ego
1093 2527 1196 2560 quam
1223 2517 1276 2549 M.
1303 2516 1460 2550 Tullium
1486 2530 1614 2562 sequar

131 2567 174 2606 1,
201 2562 245 2604 5,
269 2562 328 2596 44.
367 2560 412 2602 cs.
434 2562 480 2604 9,
505 2561 547 2604 4,
570 2562 628 2597 79.
655 2573 801 2604 omnes,
831 2562 892 2606 qui
914 2574 971 2598 me
995 2562 1107 2596 secuti
1133 2568 1216 2595 sunt
1239 2563 1283 2604 3,
1306 2563 1351 2604 6,
1372 2563 1430 2597 68.
1459 2565 1554 2597 hune
1579 2569 1614 2597 et

129 2608 395 2643 admiratus
418 2607 571 2641 maxime
595 2614 661 2650 est,
687 2615 720 2641 et
745 2614 933 2642 secutus
957 2611 1012 2651 10,
1040 2611 1073 2648 1,
1098 2610 1154 2642 69.
1180 2618 1242 2641 eos
1265 2609 1434 2651 juvenum
1456 2609 1615 2643 imita-

132 2661 207 2688 tur
237 2666 279 2687 ac
309 2651 536 2697 sequitur
566 2653 738 2687 industria
762 2656 827 2697 10,
855 2658 898 2696 1,
923 2657 1000 2688 122.
1028 2653 1073 2695 ‹rs-
1099 2656 1162 2696 10,
1190 2655 1230 2695 5,
1260 2655 1317 2688 19.
1351 2655 1414 2688 uni
1443 2667 1481 2689 se
1510 2655 1615 2688 alicui

129 2700 296 2744 proprie,
322 2711 425 2744 quem
450 2710 514 2743 per
536 2700 655 2733 omnia
682 2707 933 2743 sequatur,
957 2700 1189 2734 addicere
1213 2701 1268 2742 10,
1292 2703 1327 2741 2,
1350 2701 1405 2734 24.
1433 2702 1515 2745 quid
1541 2707 1615 2734 erat

131 2747 302 2791 firturum,
319 2745 356 2779 si
385 2756 491 2779 nemo
516 2747 594 2788 plus
621 2746 876 2780 effecisset
899 2757 956 2789 eo,
985 2756 1089 2790 quem
1114 2746 1396 2789 sequebatur
1419 2749 1463 2779 ib.
1488 2750 1521 2780 7.
1545 2757 1617 2779 non

133 2802 215 2834 per
238 2791 357 2826 omnia
383 2795 508 2836 poetas
531 2803 611 2828 esse
634 2793 850 2837 sequendos,
874 2803 943 2827 nec
966 2791 1130 2827 libertate
1153 2792 1356 2835 verborum,
1382 2803 1452 2827 nec
1479 2792 1620 2826 licentia
