1728 3002
168 202 248 242 194
878 188 987 248 Cum

215 325 309 348 cum
341 313 459 360 aliqua
482 314 749 360 comparatione
773 315 937 351 clarescit
961 318 1003 361 8,
1027 317 1069 360 5,
1095 318 1161 362 18;
1190 322 1245 354 est
1269 322 1306 355 et
1327 317 1389 355 ille
1407 317 1450 354 in
1470 319 1544 354 hoc
1566 328 1700 368 genere

213 362 382 406 frequens
409 372 528 404 error,
558 367 597 395 ut
622 367 747 406 putent
771 361 866 396 aliud
891 364 1062 406 quosdam
1090 363 1233 408 dicere,
1257 364 1352 399 aliud
1373 366 1490 402 velle:
1517 367 1702 411 praeci-

213 419 296 451 pue
323 418 418 441 cum
441 407 479 441 in
502 409 657 442 themate
682 413 754 450 est,
784 407 955 453 aliquem,
979 415 1019 443 ut
1041 410 1109 445 sibi
1130 410 1223 445 mori
1244 410 1372 455 liceat,
1400 413 1580 457 postulare
1602 415 1639 456 9,
1662 416 1699 457 2,

212 454 270 488 85.
306 453 463 498 utique
489 465 588 488 cum
614 454 774 499 quaestio
792 455 830 489 in
854 465 899 489 eo
924 455 1085 499 consistit
1108 459 1152 491 ib.
1175 458 1233 493 93.
1270 457 1360 492 nisi
1384 469 1477 492 cum
1498 457 1590 493 risus
1614 459 1701 494 inde

213 505 373 544 captatur
396 501 430 542 8,
456 502 490 543 3,
513 500 572 535 48.
612 513 646 534 v.
671 500 785 534 Nisi.
832 500 870 543 b)
895 503 1052 546 imprimis
1076 505 1108 536 ὶη
1134 505 1287 538 citando.-
1312 503 1434 547 tutius,
1458 505 1554 549 qnod
1569 504 1701 540 Cicero

211 556 278 590 pro
307 545 461 580 Caecina
484 546 590 589 facit,
623 558 704 581 cum
727 545 784 591 (a.
808 550 830 582 1.
859 547 964 592 dum)
991 547 1210 596 interrogat,
1247 549 1278 584 si
1303 550 1395 585 haec
1419 550 1514 584 actio
1539 560 1615 586 non
1641 551 1700 595 sit,

212 603 303 636 quae
328 592 404 626 sit?
429 593 463 635 5,
491 595 545 636 10,
571 593 628 627 68.
674 593 751 627 Nec
773 593 862 628 mihi
886 594 1031 630 videtur
1050 595 1088 629 in
1115 595 1306 640 Symposio
1329 596 1431 633 Plato
1444 622 1456 641 ,
1493 607 1575 631 cum
1597 597 1701 632 Alci-

211 637 340 672 biaden
372 639 601 673 confitentem
634 640 678 673 de
709 650 769 682 se,
814 639 900 685 quid
931 651 952 675 a
983 641 1132 676 Socrate
1159 642 1233 687 pati
1260 642 1440 686 voluerit,
1478 648 1617 687 narrat,
1659 647 1702 678 ut

210 683 309 718 illum
334 686 510 729 culparet,
544 686 635 720 haec
658 685 847 721 tradidisse
870 687 914 730 8,
936 685 979 730 4,
1003 690 1062 723 23.
1108 688 1233 724 Livius
1259 699 1366 734 saepe
1392 687 1446 723 sic
1477 688 1585 732 dicit,
1619 688 1728 736 cum!

211 732 392 765 Romanos
416 731 548 766 vicisse
572 731 746 779 significat
768 733 804 775 8,
828 733 863 777 6,
887 735 946 768 20.
984 734 1029 776 cs.
1058 737 1102 778 3,
1125 735 1167 779 6,
1193 737 1228 770 3.
1260 738 1314 778 10,
1337 737 1372 778 3,
1399 737 1456 769 21.
1493 734 1591 780 quod
1613 735 1703 770 facit
1726 755 1728 766 =

209 788 274 821 pro
299 777 454 825 Ligario-
466 777 616 822 Cicero,
654 790 736 812 cum
760 778 846 814 dicit
867 778 914 823 4,
943 782 986 823 2,
1016 782 1095 816 108.
1139 792 1257 826 neque
1281 781 1459 816 Lucilium
1489 786 1615 826 putant
1646 774 1728 816 uti>¹⁴

210 825 334 858 eadem
362 823 504 868 ultima,
533 836 613 859 cum
635 825 721 859 dicit
744 832 806 860 etc.
834 826 869 870 9,
892 825 928 870 4,
952 828 1010 862 38.
1038 827 1082 870 cs.
1105 827 1139 869 8,
1163 829 1199 871 3,
1222 829 1279 863 21.
1309 828 1345 872 9,
1367 830 1403 871 2,
1427 828 1483 862 28.
1516 828 1552 871 9,
1574 826 1612 871 4,
1637 827 1728 870 .’>4ν.,1

210 873 266 912 11,
294 873 326 913 1,
351 872 407 905 31.
438 873 493 914 11,
520 873 554 914 3,
579 873 637 905 31.
664 870 717 916 (α,
742 875 765 906 1.
791 870 893 917 dum)
919 875 961 908 ib.
983 872 1039 909 48.
1071 874 1209 918 hujus
1235 879 1317 908 sunt
1342 873 1506 921 generis,
1533 885 1632 908 cum
1653 893 1702 902 —-

211 915 361 950 dicimus
384 918 425 960 8,
451 918 492 960 6,
516 918 574 952 26.
615 917 743 952 Cicero
768 917 874 962 lusit,
900 930 982 953 cum
1004 939 1051 946 —
1076 919 1192 965 inquit
1217 920 1253 964 6,
1280 922 1315 964 3,
1337 921 1396 956 68.
1431 919 1476 961 cs.
1499 920 1558 955 85.
1607 920 1702 954 Nam

209 969 246 997 et
268 964 320 998 M.
344 963 542 1005 Antonius,
573 963 674 1008 cujus
697 975 804 1009 supra
826 965 1014 1000 habuimus
1037 966 1277 1010 mentionem,
1314 977 1411 1000 cum
1435 977 1458 1000 a
1483 976 1524 1000 se
1547 965 1701 1001 disertos

206 1008 308 1045 visos
326 1021 405 1043 esse
423 1011 567 1052 multos,
596 1010 681 1054 ait,
708 1011 938 1056 eloquentem
961 1012 1152 1057 neminem,
1177 1011 1311 1047 diserto
1333 1011 1420 1047 satis
1442 1016 1544 1058 putat
1565 1012 1699 1056 dicere,

208 1067 300 1101 quae
325 1061 488 1100 oporteat
506 1058 542 1100 8,
567 1058 625 1090 Pr.
653 1059 708 1092 13.
766 1057 805 1102 c)
829 1071 858 1093 c.
882 1062 1031 1093 Futuro.-
1062 1070 1174 1104 quae,
1202 1070 1284 1094 cum
1306 1064 1399 1106 aget,
1427 1069 1507 1098 esse
1529 1057 1568 1092 in
1591 1069 1700 1094 causa

206 1102 297 1138 velit
322 1105 377 1145 12,
403 1104 437 1145 3,
463 1103 496 1137 5.
536 1113 567 1136 c.
591 1113 650 1137 res
674 1103 794 1149 exiget
817 1103 870 1148 (a.
893 1109 916 1138 1.
941 1105 1105 1152 exigunt)
1131 1108 1193 1148 10,
1217 1107 1260 1149 3,
1284 1107 1319 1140 3.
1356 1116 1389 1140 c.
1417 1104 1636 1139 studebimus
1664 1107 1700 1149 1,

141 1188 156 1193 —
210 1150 274 1191 12,
302 1149 338 1182 6.
380 1159 411 1182 c.
436 1149 613 1182 theatrum
640 1151 755 1184 veluti
782 1152 962 1195 quoddam
988 1152 1083 1187 illius
1113 1151 1205 1186 sacri
1231 1152 1402 1196 templum
1424 1150 1634 1187 vocabimus
1662 1152 1700 1194 3,

205 1195 251 1236 8,
277 1195 336 1229 29.
373 1205 424 1228 cu
435 1206 472 1227 m
495 1195 616 1241 legere
641 1198 821 1230 orationes
848 1198 1046 1240 oportebit,
1081 1209 1175 1236 cum
1197 1198 1350 1232 virtutes
1373 1208 1495 1232 earum
1517 1197 1590 1242 jam
1614 1208 1702 1231 sen-

205 1239 287 1283 tiet,
325 1245 399 1274 tum
422 1240 511 1274 mihi
534 1240 686 1288 diligens
706 1242 832 1287 aliquis
855 1243 996 1277 assistat
1020 1247 1059 1287 1,
1084 1242 1147 1286 11,
1174 1243 1232 1278 14.
1286 1243 1382 1290 Quid
1411 1241 1594 1288 alioqui
1623 1243 1699 1287 fiet,

205 1297 304 1320 cum
333 1285 371 1319 in
394 1286 514 1321 medio
539 1287 622 1321 foro
649 1287 718 1322 erit
739 1289 952 1333 dicendum,
981 1289 1019 1323 si
1044 1289 1234 1334 particulas
1258 1307 1306 1315 ·-
1326 1289 1488 1334 reperire
1513 1299 1590 1323 non
1611 1300 1701 1334 pos-

204 1343 325 1367 sumus
350 1334 412 1375 10,
437 1334 480 1376 3,
505 1335 560 1367 30.
590 1332 633 1374 cs:
663 1336 717 1378 10,
745 1337 776 1378 1,
801 1333 868 1377 44;
900 1346 1012 1379 posco
1038 1337 1110 1370 hoc
1134 1334 1244 1379 mihi,
1269 1340 1328 1379 ut,
1354 1347 1436 1370 cum
1457 1345 1524 1380 pro
1547 1345 1701 1379 compo-

203 1377 273 1413 sito
298 1378 427 1413 dixero
451 1390 660 1422 numerum,
694 1386 730 1415 et
753 1380 957 1426 ubicunque
980 1382 1050 1425 jam
1074 1381 1171 1424 dixi,
1200 1381 1396 1416 oratorium
1417 1380 1538 1416 dicere
1564 1379 1700 1416 intelli-

202 1435 267 1471 gar
289 1426 324 1468 9,
348 1423 383 1468 4,
409 1426 466 1460 57.
500 1425 559 1460 vir
582 1425 700 1460 civilis
720 1438 880 1472 vereque
904 1427 1106 1472 sapiens—
1122 1427 1256 1471 omnia,
1283 1439 1376 1472 quae
1400 1429 1446 1462 ad
1469 1426 1699 1463 efficiendum

202 1470 386 1514 oratione,
429 1472 526 1516 quod
549 1473 795 1517 proposuerit,
828 1475 973 1517 valent,
1007 1473 1162 1508 libenter
1186 1473 1389 1518 adhibebit,
1423 1485 1507 1508 cum
1529 1472 1629 1518 prius
1649 1480 1717 1501 -“

202 1516 426 1551 constituerit
452 1520 508 1561 11,
534 1521 566 1562 1,
591 1519 648 1553 35.
679 1518 722 1561 cs.
751 1523 806 1563 12,
831 1523 865 1563 7,
889 1520 925 1555 6.
982 1521 1021 1562 d)
1051 1533 1080 1555 c.
1104 1521 1304 1564 conjunct„-
1333 1520 1420 1554 alias
1443 1520 1586 1564 (leges),
1615 1529 1717 1558 cum.

199 1562 270 1607 ipsi
296 1564 429 1597 nullam
453 1565 647 1598 habeamus
674 1567 762 1610 (Sp.
791 1565 952 1610 -emus),
988 1566 1212 1614 adjungimus
1237 1568 1281 1609 3,
1308 1566 1344 1610 6,
1371 1568 1417 1602 87
1439 1570 1482 1600 Ζ.
1537 1566 1619 1600 Non
1645 1571 1700 1608 exss

200 1610 346 1653 eodem,
384 1611 448 1643 sed
474 1621 522 1645 ex
547 1611 716 1654 diverso,
747 1611 909 1648 vicinum
933 1612 1130 1657 accipitur,
1158 1624 1240 1647 cum
1263 1612 1440 1658 supplicio
1467 1611 1702 1647 afficiendum

200 1655 317 1699 dicas,
359 1668 465 1700 quem
489 1657 748 1701 supplicatione
772 1658 918 1706 dignum
940 1659 1107 1702 judicaris
1133 1659 1178 1702 9,
1206 1660 1249 1702 3,
1277 1660 1334 1694 68.
1379 1658 1504 1692 habuit
1529 1663 1694 1693 oratores

197 1707 294 1736 aetas
320 1709 442 1736 nostra
465 1703 705 1747 copiosiores:
731 1706 806 1748 sed,
834 1716 916 1739 cum
935 1705 1083 1748 diceret,
1107 1704 1266 1739 eminere
1288 1704 1383 1739 inter
1405 1704 1572 1748 aequales
1597 1705 1693 1738 Tra-

198 1748 322 1782 chalus
344 1748 536 1783 videbatur
563 1753 626 1793 12,
658 1751 699 1793 5,
726 1751 758 1785 5.
798 1762 872 1785 non
895 1751 1058 1789 inutilem
1080 1751 1158 1785 scio
1181 1756 1363 1786 servatmn
1392 1761 1472 1784 esse
1498 1760 1519 1783 a
1543 1760 1694 1794 praece-

196 1794 357 1838 ptoribus
388 1795 477 1829 meis
508 1806 669 1839 morem,
706 1796 787 1841 qui,
823 1809 903 1831 cum
930 1807 1062 1841 pueros
1092 1797 1130 1830 in
1156 1797 1288 1831 classes
1312 1795 1566 1830 distribuerent
1596 1795 1690 1841 (Sp.

197 1840 363 1885 -erant)‚
399 1841 563 1876 ordinem
590 1842 732 1876 dicendi
756 1843 952 1877 secundum
978 1843 1077 1878 vires
1099 1842 1235 1890 ingenii
1259 1843 1390 1876 dabant
1414 1845 1455 1885 1,
1479 1845 1524 1885 2,
1548 1844 1594 1877 23
1621 1846 1693 1886 Ζ.,·

194 1886 435 1934 Pythagoreis
459 1888 568 1922 moris
592 1888 679 1931 fuit,
705 1894 741 1922 et
765 1900 846 1923 cum
870 1888 1121 1936 evigilassem,
1145 1888 1284 1923 animos
1308 1889 1355 1923 ad
1377 1889 1494 1932 lyram
1517 1888 1693 1932 excitare,

196 1938 232 1967 et
264 1945 346 1967 cum
377 1945 541 1968 somnum
576 1940 773 1979 peterent,¹
797 1936 843 1968 ad
870 1937 1022 1970 eandem
1047 1935 1147 1979 prius
1173 1934 1288 1970 lenire
1320 1940 1459 1969 mentes
1486 1935 1530 1978 9,
1555 1934 1602 1979 4,
1630 1937 1690 1970 12.

194 1978 274 2023 alii,
318 1991 398 2014 cum
431 1980 564 2024 primas
597 1981 707 2014 modo
744 1979 858 2015 lineas
894 1981 1101 2024 duxissent,
1143 1986 1226 2026 post
1263 1981 1562 2024 declamationes,
1603 1980 1707 2027 quid'

194 2025 374 2060 omisisset
397 2025 568 2070 quisque,
602 2027 804 2061 tractabant
826 2030 870 2070 2,
894 2028 930 2071 6,
957 2030 992 2062 2.
1022 2027 1067 2069 cf.
1092 2028 1128 2070 6,
1153 2030 1188 2070 2,
1212 2028 1270 2062 35.
1302 2030 1358 2071 10,
1383 2029 1416 2070 1,
1440 2030 1480 2070 7;
1517 2032 1577 2070 ut,
1605 2038 1689 2062 cum

193 2072 249 2116 (a.
274 2076 296 2106 l.
324 2075 455 2116 quam)
483 2074 594 2106 multa
616 2072 886 2117 scripserimus,
917 2073 1025 2108 etiam
1047 2075 1158 2107 multa
1183 2073 1340 2108 dicamus
1366 2075 1428 2116 10,
1454 2075 1489 2116 7,
1513 2076 1536 2109 7
1561 2074 1608 2107 N.
1637 2086 1698 2115 ct·-x

191 2129 273 2151 cum
298 2119 368 2152 duo
396 2119 495 2153 fures
519 2118 707 2163 pecuniam
733 2119 943 2154 abstulerint
978 2121 1070 2164 (Sp.
1099 2119 1274 2165 -erunt),
1314 2118 1508 2165 separatim
1530 2120 1710 2165 quadril-⁶2

189 2165 287 2208 plum
311 2164 461 2209 quisque
488 2177 534 2199 au
558 2166 703 2210 duplum
727 2166 881 2201 debeat?
908 2170 944 2211 7,
968 2167 1006 2210 4,
1031 2165 1087 2201 44.
1463 2196 1467 2197 ⁷
1693 2167 1709 2209 ,ἶ

235 2209 286 2253 11)
318 2213 511 2245 Causale.
561 2210 604 2255 α)
631 2225 661 2245 c.
688 2214 834 2246 Iudicat.
880 2212 919 2257 a)
947 2215 968 2247 ί.
996 2226 1027 2257 q.
1055 2213 1286 2258 siquidem.-
1315 2210 1508 2246 auctoritas
1534 2210 1579 2245 ab
1603 2220 1687 2244 ora-

153 2288 156 2291 ,
189 2256 326 2290 toribus
350 2258 414 2292 vel
434 2257 615 2293 historicis
638 2258 711 2302 peti
734 2259 850 2305 solet·2
872 2278 920 2285 -—
945 2269 1027 2292 cum
1049 2268 1269 2292 summorum
1291 2257 1331 2291 in
1354 2256 1560 2301 eloquentia
1581 2255 1685 2298 γίνο-
1703 2264 1711 2296 }.=

187 2311 266 2334 rum
291 2303 461 2344 judicium
489 2314 555 2349 pro
583 2305 744 2348 ratione,
771 2310 808 2339 et
828 2305 892 2340 vel
914 2315 1017 2339 error
1041 2306 1215 2339 honestus
1242 2309 1296 2338 est
1318 2313 1466 2350 magnos
1491 2303 1600 2336 duces
1623 2312 1687 2337 se-
1707 2334 1709 2337 .

189 2348 378 2390 quentibus
405 2353 420 2382 1
436 2376 447 2392 ,
471 2350 513 2392 6,
541 2353 575 2384 2.
624 2352 715 2385 Nam
741 2350 934 2396 praecipue
958 2350 1100 2395 quidem
1123 2361 1179 2394 ap.
1205 2348 1436 2391 Ciceronem,
1472 2347 1683 2392 frequenter
1692 2344 1708 2389 ζ·

188 2397 308 2426 tamen
341 2406 395 2438 ap.
427 2395 592 2430 Asinium
615 2415 659 2421 —
682 2396 837 2432 vidimus
863 2396 971 2430 Ennii
996 2402 1063 2431 etc.
1100 2394 1210 2429 inseri
1244 2405 1393 2437 versus,
1433 2405 1571 2428 summa
1596 2404 1705 2446 »ιιοιι94

189 2438 400 2473 eruditionis
423 2442 533 2476 modo
563 2442 675 2488 gratia
702 2443 766 2477 sed
794 2442 899 2478 etiam
921 2441 1171 2486 jucunditatis:
1203 2451 1284 2474 cum
1310 2439 1461 2484 poeticis
1483 2440 1659 2485 voluptati

185 2483 253 2518 bus
278 2496 380 2518 aures
404 2498 424 2519 a
447 2489 584 2522 forensi
614 2488 804 2532 asperitate
831 2488 1007 2531 respirant
1037 2486 1109 2531 (sic
1137 2488 1241 2521 Coclcl.
1268 2490 1418 2532 plerique
1441 2499 1570 2530 omnes;
1605 2488 1662 2531 Sp

185 2530 400 2574 respirent),
428 2535 459 2575 1,
488 2535 522 2575 8,
549 2537 605 2568 11.
639 2546 720 2568 cum
746 2533 785 2568 in
808 2534 905 2568 omni
927 2544 1060 2580 genere
1085 2533 1301 2576 studiorum,
1327 2538 1402 2567 tum
1423 2531 1547 2566 inhoc
1570 2543 1634 2576 pra

186 2576 291 2621 cipue
325 2577 419 2610 bona
455 2580 624 2613 valetudo
647 2598 693 2604 —
720 2579 922 2614 necessaria
953 2585 1025 2613 est:
1066 2590 1146 2614 cum
1180 2585 1342 2624 tempora
1371 2578 1416 2612 ab
1449 2577 1527 2622 ipsa
1552 2588 1593 2612 re
1654 2624 1658 2626 ἡ

185 2628 312 2656 natura
345 2623 389 2656 ad
422 2623 576 2666 quietem
605 2626 911 2670 refectionemque
947 2624 1051 2659 nobis
1090 2627 1170 2659 data
1201 2625 1240 2659 in
1268 2623 1479 2659 acerrimum
1515 2624 1596 2658 labo
1675 2657 1689 2674 ὖ·

184 2668 427 2704 convertimus
456 2672 518 2711 10,
544 2673 588 2712 3,
613 2673 670 2706 26.
708 2671 769 2716 [iu
789 2672 911 2708 verbis
934 2682 1014 2706 esse
1040 2670 1187 2714 vitium,
1215 2681 1291 2705 non
1311 2670 1350 2704 in
1372 2679 1562 2713 sermone,
1591 2670 1696 2721 4311ῇῖλ

181 2714 329 2749 mutatio
360 2714 464 2750 vocis
492 2716 635 2750 alterius
666 2723 800 2751 rectam
831 2717 1003 2762 loquendi
1032 2718 1208 2753 rationem
1234 2716 1286 2751 sio
1311 2716 1428 2751 reddit
1461 2715 1540 2759 (sed
1560 2719 1603 2750 Z.
1629 2721 1694 2749 exat·

181 2763 293 2795 Amb.
322 2763 354 2794 1.
383 2768 489 2795 recte:
518 2761 564 2795 sit
587 2762 790 2806 redditura)
816 2767 856 2807 1,
882 2765 923 2807 5,
947 2763 993 2799 35
1017 2762 1100 2807 N.]‚·
1147 2766 1200 2798 lta
1227 2774 1309 2798 cum
1334 2772 1481 2806 semper
1500 2761 1674 2808 cogitatio

180 2807 274 2842 ultra
297 2806 355 2850 id,
389 2807 486 2852 quod
509 2810 599 2851 est,
613 2809 755 2855 longius
779 2810 935 2855 quaerit,
960 2808 1132 2855 quidquid
1155 2808 1297 2845 interim
1315 2808 1468 2854 reperit,
1497 2807 1667 2853 quodam-
