1728 3002
149 221 204 260 74
504 254 507 255 ⁷
723 215 861 271 Aptus
890 237 947 245 —-
974 212 1098 269 Apud

189 330 258 408 ἐξ,
277 331 323 409 g,
346 330 494 410 ἓ1.53(1
521 340 671 375 quorum
697 327 946 364 condicionem
967 324 1152 371 vitamque
1178 325 1351 371 aptanda,
1385 321 1672 372 wamban-

307 400 318 418 ,
376 401 387 418 ,
462 402 469 409 .

147 432 298 486 Aptus.
355 442 398 486 α)
431 449 582 487 aptum
615 448 720 487 atque
757 439 1045 476 conveniens
1072 439 1121 482 ¹5,
1148 441 1212 484 10,
1239 441 1319 474 123.
1360 437 1487 485 partim
1517 446 1669 486 aptum

191 493 253 521 aut
278 495 497 522 remotum
524 501 635 523 cura
661 489 799 522 decoris
829 490 892 528 11,
918 490 959 529 1,
987 487 1055 530 893
1095 488 1208 533 figura
1234 491 1316 530 apta
1341 487 1386 530 9,
1412 488 1455 530 3,
1481 486 1539 522 50.
1577 493 1668 532 apt.

190 539 326 576 motus,
361 541 401 568 ut
434 546 514 568 cum
543 541 644 582 gestu
682 534 940 567 concordet
976 532 1112 577 (caput)
1141 536 1196 576 11,
1224 534 1260 574 3,
1283 532 1341 567 69.
1389 531 1434 574 cs.
1472 534 1506 577 1,
1531 532 1587 577 10,
1611 534 1669 568 26.

189 577 335 624 (oratio)
370 583 575 625 emendata,
612 581 781 623 dilucida,
817 584 962 622 ornata,
997 584 1068 622 apt,
1103 590 1181 613 esse
1208 579 1314 612 debet
1338 581 1403 621 11,
1428 581 1472 622 3,
1496 581 1554 614 30.
1575 582 1682 629 ῥίψῃ

188 625 429 669 pronuntiatio
455 630 509 669 11,
526 630 559 669 3,
576 628 632 661 61.
668 639 700 659 v.
726 624 1047 660 Accommddo.
1076 630 1196 669 aptiun
1223 623 1310 668 (Sp.
1337 625 1422 669 conj.
1450 623 1668 669 appositum)

187 671 370 715 proprium
393 674 427 715 8,
453 675 486 716 3,
510 676 556 706 20
579 674 625 706 Ν.
653 685 698 705 cr.
733 671 845 714 risus,
872 671 903 704 si
928 677 982 705 est
1006 677 1076 715 apt.
1105 673 1140 714 8,
1167 672 1203 715 6,
1231 669 1288 705 74.
1323 676 1395 714 apt.
1419 671 1605 708 sententiis
1631 672 1670 714 G,

188 720 223 760 1,
246 720 281 751 2.
321 720 456 751 nullum
489 724 633 762 aptum
662 723 765 761 atque
791 718 1009 751 idoneum
1035 718 1187 751 verbum
1213 717 1248 759 9,
1267 715 1308 760 4,
1335 715 1422 759 144;
1462 717 1558 762 quod
1589 723 1667 751 na·-

187 766 292 796 tura
318 764 370 797 rei
397 765 478 798 satis
504 770 572 808 apt.
603 770 656 798 est
685 767 740 807 11,
767 767 799 806 1,
822 765 880 799 91.
918 763 1054 797 medius
1078 765 1204 797 modus
1237 762 1408 807 (dicendi)
1442 763 1666 807 composi·

185 807 318 846 tione
345 816 444 853 aptus
475 813 530 852 12,
555 813 609 852 10,
634 811 689 844 60.
737 808 781 855 β)
810 823 839 845 c.
864 813 973 843 Dat..·
1010 809 1137 854 quibus
1162 809 1279 842 minus
1305 814 1439 852 aptus
1471 815 1546 853 est,
1585 821 1663 854 opp.

183 852 222 887 in
256 866 345 898 quae
380 862 515 889 natus
546 855 688 890 videtur
711 858 753 897 2,
780 857 820 899 8,
846 857 878 890 5.
921 861 1024 899 aptus
1054 857 1116 890 vel
1142 851 1292 889 militiae
1321 855 1384 890 vel
1407 855 1605 900 palaestrae
1630 857 1665 898 5,

183 902 249 942 12,
272 903 339 944 21,
381 902 538 936 vestibus
560 912 634 944 non
660 913 816 945 purpura
840 902 1059 946 fulgentibus
1085 909 1146 934 etc.
1173 901 1236 935 illa
1263 906 1358 935 aetas
1383 901 1470 936 satis
1498 907 1581 946 apta
1607 903 1664 943 11,

183 947 217 988 1,
237 948 294 979 31.
323 957 453 981 nomen
477 958 550 982 non
576 959 661 981 sane
689 954 808 992 aptum
831 947 1002 982 orationis
1028 947 1152 982 virtuti
1177 949 1213 991 8,
1232 947 1268 990 6,
1288 948 1346 982 61.
1373 945 1567 991 (paeonem)
1590 952 1664 991 apt.

181 990 289 1025 initiis
324 993 364 1035 9,
388 992 431 1036 4,
454 994 510 1028 96.
550 994 717 1037 periodos
751 1000 830 1038 apta
862 993 1057 1038 prooemiis
1081 995 1124 1037 9,
1146 992 1192 1036 4,
1218 995 1296 1028 128.
1336 993 1530 1028 sententias
1563 992 1664 1039 aptas

182 1037 409 1080 opinionibus
438 1039 621 1073 hominum
656 1051 696 1075 ac
726 1040 883 1074 moribus
912 1042 954 1082 8,
979 1042 1024 1083 3,
1047 1038 1105 1074 43.
1150 1039 1349 1084 narrationi
1378 1045 1460 1083 apta
1484 1038 1600 1081 virtus
1625 1038 1663 1082 4,

179 1085 226 1126 2,
254 1083 321 1126 63;
373 1091 538 1130 tanquam
564 1086 786 1120 instituendis
823 1087 955 1120 artibus
981 1086 1094 1133 magis
1127 1085 1174 1119 sit
1205 1091 1275 1129 apt.
1304 1085 1532 1120 mediocritas
1557 1088 1663 1130 prae-

180 1129 334 1172 ceptoris
357 1134 400 1173 2,
425 1134 466 1174 3,
496 1136 524 1164 1.
567 1144 691 1165 manus
718 1151 759 1156 —
786 1133 943 1166 maxime
977 1138 1046 1176 apt.
1074 1143 1181 1176 parce
1215 1138 1250 1175 et
1284 1131 1408 1166 timide
1433 1130 1663 1176 loquentibus

181 1177 237 1218 11,
258 1177 291 1217 3,
311 1179 395 1218 1ΟΟ;
422 1177 483 1211 fini
510 1181 559 1217 (a.
586 1182 608 1212 l.
637 1177 724 1221 fine)
752 1179 866 1222 aptior
890 1190 1009 1222 paeon
1032 1179 1068 1221 9,
1086 1177 1122 1220 4,
1144 1180 1223 1212 107.
1249 1177 1444 1221 majoribus
1466 1177 1583 1222 aptior
1605 1179 1663 1220 10,

180 1223 222 1263 1,
247 1223 304 1256 63.
343 1221 573 1267 παράδειγμα
607 1224 785 1268 dicendo,
819 1222 1016 1268 ἐνθῦμημα
1048 1224 1239 1258 scribendo
1267 1223 1382 1267 aptius
1413 1225 1478 1266 12,
1504 1225 1570 1266 10,
1595 1225 1660 1265 51;

176 1270 401 1302 verecundae
429 1269 580 1302 orationi
609 1271 807 1314 aptissimus
833 1269 976 1314 (gestus)
1004 1272 1061 1313 11,
1085 1273 1122 1313 35
1144 1270 1203 1305 96.
1234 1268 1295 1303 cui
1318 1269 1484 1314 quodque
1506 1269 1590 1303 loco
1615 1269 1661 1303 sit

176 1310 326 1356 (nomen)
355 1314 471 1358 aptiss.
501 1315 552 1358 (α.
579 1320 600 1350 1.
626 1317 862 1360 potissimum)
885 1319 942 1359 10,
964 1319 997 1358 1,
1017 1317 1052 1351 8.
1097 1317 1140 1360 γ)
1163 1328 1234 1361 seq.v
1258 1315 1443 1358 Praepos.:
1469 1314 1660 1349 Urbanitas

177 1375 224 1382 —
255 1366 360 1403 apta
395 1363 446 1394 ad
473 1363 700 1397 delectandos
724 1364 994 1406 movendosque
1020 1361 1203 1405 homines,
1237 1361 1393 1395 maxime
1417 1359 1589 1396 idonea
1614 1361 1660 1395 ed

176 1405 413 1440 resistendum
437 1415 496 1441 etc.
526 1410 559 1451 6,
581 1411 615 1450 3,
636 1409 713 1443 104.
743 1415 812 1452 apt.
840 1411 891 1442 ad
915 1409 1165 1452 disputandum
1192 1407 1354 1452 (digitus)
1381 1408 1437 1450 11,
1459 1409 1496 1450 3,
1517 1407 1576 1443 95.
1605 1407 1659 1441 ad

174 1457 335 1485 oratores
359 1453 541 1488 faciendos
566 1455 681 1498 aptior
704 1458 760 1498 10,
787 1458 821 1498 1,
845 1455 912 1499 653
965 1454 1147 1498 aptissima
1170 1453 1218 1488 in
1245 1455 1335 1487 hoc
1358 1463 1507 1487 nemora
1530 1452 1660 1487 silvas·-
1685 1469 1694 1473 -

173 1500 390 1580 gue310‚83,
414 1503 479 1543 223
520 1501 717 1540 humilia
749 1501 881 1536 circa
910 1512 970 1536 res
995 1512 1164 1549 magnas,
1209 1505 1321 1545 apta
1345 1499 1474 1534 circa
1501 1498 1659 1534 missores

207 1568 219 1586 ²
277 1570 287 1586 2
315 1549 328 1577 ¹
359 1569 368 1577 ·

131 1596 271 1662 Apuq·
310 1611 352 1664 ⁵1)
381 1617 504 1649 omnino
531 1617 572 1649 (le
598 1619 840 1663 propinquitate
867 1618 933 1651 loci
956 1624 1016 1650 aut
1037 1627 1221 1662 personaee
1244 1626 1308 1665 pp.
1333 1613 1476 1650 Calmas
1498 1615 1534 1658 8,
1545 1614 1582 1658 6,
1595 1613 1671 1650 26..
1695 1614 1719 1641 '-

176 1663 342 1702 cogitatlo
369 1680 413 1687 —
446 1663 704 1705 quodammodo
733 1676 788 1708 ap.
816 1663 1024 1697 memoriam
1052 1662 1201 1707 deponit
1227 1664 1284 1704 11,
1308 1663 1344 1704 2,
1370 1662 1418 1704 3³⁷
1457 1660 1572 1710 prima
1597 1671 1655 1704 Ψ·

173 1703 354 1738 rhetorem
386 1708 557 1753 elementa
585 1709 812 1744 tractabimus
840 1711 898 1744 Pr.
926 1712 984 1744 21.
1022 1708 1068 1751 cf.
1103 1711 1145 1751 2,
1171 1707 1214 1751 4,
1240 1709 1274 1741 2.
1313 1717 1371 1751 ap.
1405 1705 1657 1746 Andronicum

173 1747 396 1791 Hypocriten
429 1754 560 1787 studuit
586 1757 647 1797 11,
675 1758 714 1799 3,
740 1760 774 1791 7.
867 1754 919 1799 11)
954 1758 1112 1799 imprimis
1143 1757 1176 1786 in
1201 1754 1339 1786 dicendo
1366 1754 1390 1784 τ’.
1415 1765 1448 1797 q.
1486 1763 1654 1785 coram.-

173 1796 265 1845 apud
289 1796 565 1843 Amphictyonas
593 1800 706 1847 agitur
730 1805 766 1845 5,
793 1804 850 1846 10,
875 1804 954 1837 111.
995 1801 1116 1845 apud
1141 1809 1251 1844 quos,
1281 1797 1412 1843 quibus
1435 1808 1656 1841 praesen-

173 1841 324 1885 t1bus,
355 1844 397 1877 sit
421 1851 560 1879 acturus
577 1850 632 1889 11,
652 1850 685 1891 3,
706 1851 782 1883 150.
820 1856 854 1881 v.
880 1847 994 1894 Ago.
1024 1847 1074 1880 in
1101 1850 1229 1880 senatu
1251 1844 1502 1878 'conservanda
1527 1848 1655 1878 aucto-

171 1884 278 1929 ritas,
318 1891 433 1932 apud
468 1894 637 1935 populum
672 1894 824 1941 dignitas
862 1897 904 1929 ib.
932 1895 1010 1928 153.
1048 1903 1123 1927 non
1158 1891 1255 1925 idem
1286 1901 1344 1934 ap.
1381 1899 1510 1943 graves
1541 1889 1655 1932 viros,
1711 1899 1717 1902 ·

171 1933 266 1974 quod
290 1934 444 1970 leviores
469 1945 528 1970 etc.
557 1941 680 1974 deceat
706 1945 762 1985 11,
787 1944 820 1985 1,
844 1939 903 1975 45.
943 1938 988 1980 qs.
1019 1941 1076 1982 11,
1099 1940 1136 1981 3,
1161 1937 1239 1971 150.
1268 1947 1325 1980 ap.
1356 1937 1510 1980 ahquem
1533 1934 1655 1976 didere

170 1978 204 2019 3,
230 1979 264 2020 8,
289 1984 323 2015 2.
365 1984 398 2023 5,
428 1986 482 2026 12,
507 1986 561 2018 11.
603 1998 637 2019 v.
671 1987 803 2022 Dico.
834 1999 890 2030 ap.
919 1984 1104 2028 imperitos
1129 1982 1365 2017 discernenda
1391 1983 1483 2016 haec
1508 1987 1591 2016 sunt
1609 1983 1653 2025 ’3,

167 2024 204 2065 ὅ,
229 2027 262 2056 2.
295 2037 351 2069 ap.
377 2029 530 2070 judicem
557 2031 794 2074 disputaturos
822 2035 878 2074 11,
899 2035 931 2074 1,
951 2034 1008 2065 77.
1038 2031 1086 2064 in
1110 2035 1237 2064 senatu
1261 2033 1298 2062 et
1323 2039 1390 2071 ap.
1418 2029 1590 2072 populum
1615 2034 1652 2062 et

169 2071 283 2119 apud
311 2073 509 2118 Principem
535 2077 642 2110 habet
674 2081 792 2113 locum
820 2076 1023 2122 deprecatio
1052 2080 1087 2119 7,
1109 2075 1153 2119 4,
1179 2076 1235 2109 18-
1277 2074 1393 2108 01·ὃῖἰο
1422 2085 1479 2118 ap·
1507 2073 1652 2113 'frium'

167 2124 270 2167 *siros-
302 2118 419 2153 habita
448 2128 484 2162 ι,
512 2124 552 2165 1,
578 2124 611 2157 6.
653 2135 708 2168 ap.
738 2124 937 2169 principem
972 2129 1008 2157 et
1033 2122 1258 2168 magistratus
1290 2131 1332 2153 ac
1360 2118 1652 2156 tribunalia-non

168 2159 288 2209 licebit
316 2167 370 2207 11,
391 2168 423 2207 3,
448 2167 522 2200 156.
561 2170 653 2212 apud
679 2171 824 2205 omnino
849 2169 1051 2214 imperitos,
1082 2175 1188 2212 atque
1213 2166 1361 2200 aliarum
1386 2171 1484 2200 certe
1507 2164 1651 2212 ignaros

168 2204 347 2242 literarum
371 2212 585 2255 loquendum
610 2221 663 2248 est
688 2217 728 2259 5,
755 2215 818 2260 14,
844 2217 902 2252 29.
938 2227 994 2260 ap.
1020 2215 1230 2250 Praetorem
1252 2218 1376 2256 petere
1401 2210 1652 2245 fideicommis-

169 2259 245 2283 eum
271 2256 310 2295 3,
336 2258 374 2297 ti,
404 2261 459 2291 70.
497 2271 565 2302 qua
589 2261 738 2306 quisque
766 2275 824 2307 ap,
849 2273 931 2296 eum
956 2261 1079 2307 lingna
1105 2260 1320 2304 postulasset
1346 2259 1411 2299 11,
1437 2251 1479 2299 2',
1503 2257 1560 2292 50.
1590 2268 1648 2301 ap.
1710 2258 1728 2307 ‘¹

169 2300 407 2335 centumviros
443 2306 622 2346 quaeritur
647 2309 688 2350 3,
717 2311 778 2351 10,
804 2310 836 2342 3.
875 2321 908 2342 v.
947 2308 1148 2353 Quaero.
1187 2315 1256 2338 nec
1280 2303 1406 2337 eadem
1430 2313 1486 2346 ap.
1513 2301 1651 2346 princi-

169 2351 271 2384 pem,
298 2347 535 2390 magistratum
559 2359 619 2384 etc.
646 2353 736 2387 ratio
761 2360 813 2387 est
839 2355 895 2397 11,
921 2356 955 2396 1,
978 2352 1036 2386 43.
1070 2352 1166 2386 bona
1190 2361 1246 2393 ap.
1277 2348 1523 2384 centumviros
1543 2359 1650 2393 repe-

168 2390 282 2420 tentes
306 2392 348 2432 7,
374 2391 417 2434 4,
442 2397 495 2428 10.
536 2396 681 2431 vitanda
708 2411 764 2442 ap.
791 2400 946 2443 judicem
971 2400 1012 2441 8,
1038 2400 1081 2440 2,
1106 2399 1162 2431 13.
1201 2395 1450 2439 quaestionum
1479 2400 1516 2429 et
1542 2405 1650 2442 argu-
1699 2422 1706 2426 ,

104 2482 106 2485 Ι
168 2438 367 2468 mentorum
396 2449 450 2480 ap.
479 2448 643 2484 corrupta
668 2444 798 2484 iudicia
825 2446 939 2492 frigus
964 2443 1101 2479 evitant
1124 2443 1283 2485 2,12‚6.
1311 2439 1499 2484 P1008m5⁸¹
1522 2451 1649 2484 super*
1696 2447 1704 2449 ᾇ

168 2486 284 2511 vacua
320 2491 396 2533 esse
434 2495 488 2526 ap.
526 2488 613 2520 tales
645 2491 706 2532 12,
730 2493 794 2534 10,
820 2492 885 2533 52;
931 2491 969 2524 in
1004 2488 1164 2533 epistolis
1201 2488 1394 2531 aliquando
1424 2485 1650 2520 familiariter

168 2525 292 2575 flp'ffd
323 2538 453 2561 ammos
482 2531 565 2564 dicit
591 2535 646 2574 11,
675 2537 705 2576 1,
735 2538 791 2570 21.
829 2537 919 2570 nihil
944 2548 1000 2580 ap.
1026 2546 1162 2571 vacuas
1189 2545 1294 2568 aures
1317 2538 1434 2577 potest
1458 2543 1538 2566 esse
1564 2543 1648 2576 per-

164 2568 294 2602 fectius
314 2573 369 2622 10,
387 2576 415 2614 1,
432 2575 487 2607 32.
561 2578 630 2618 111)
658 2581 779 2613 indicat
804 2586 910 2615 locum
935 2583 1095 2625 opinionis
1117 2585 1172 2614 vel
1198 2580 1462 2613 consuetudinis.-
1490 2588 1647 2611 summae

164 2623 222 2657 ap.
252 2621 414 2660 antiquos
443 2621 658 2656 auctoritatis
682 2626 872 2669 scriptores
897 2630 932 2669 3,
957 2626 992 2670 4,
1019 2630 1052 2661 1.
1087 2637 1145 2670 ap.
1176 2626 1333 2660 Graecos
1360 2623 1559 2657 institutum
1592 2629 1667 2661 est,

163 2661 207 2701 22
231 2659 274 2711 θ’
299 2660 356 2694 4¹·
398 2667 413 2696 ¹
429 2689 439 2706 ν
464 2665 505 2707 5,
529 2667 585 2701 29·
625 2669 747 2704 Venus
771 2684 827 2716 ap.
847 2671 1151 2706 Lacedaemonios
1176 2675 1219 2714 2,
1243 2669 1286 2712 4,
1311 2669 1368 2703 26.
1405 2668 1645 2712 ap.'majores

162 2703 248 2760 fier-1·
272 2708 408 2741 solebat
441 2713 503 2753 10,
529 2713 572 2754 5,
600 2715 655 2747 19.
694 2727 772 2750 cum
802 2717 995 2762 antiquitus
1029 2729 1086 2761 ap.
1117 2728 1241 2751 omnes
1269 2714 1450 2749 duraverit
1483 2713 1644 2758 (studium

163 2751 319 2803 rnuswes)
344 2755 376 2805 1,
400 2757 531 2806 10,·30.
566 2760 745 2802 supellex,
773 2774 885 2805 quae,
910 2763 1001 2796 sicut
1025 2774 1082 2806 ap.
1108 2773 1284 2807 pauperes
1311 2760 1538 2803 ambitiosos,
1566 2761 1645 2804 plu-

163 2797 260 2831 nbm
283 2803 320 2832 et
343 2799 493 2835 dlversts
520 2803 648 2838 officiis
673 2813 875 2842 conteratur
897 2813 933 2851 2,
952 2808 987 2852 4,
1007 2810 1064 2847 29.
1095 2820 1152 2853 ap.
1181 2813 1345 2854 posteros
1369 2806 1407 2840 id
1431 2811 1645 2841 consecutus
