1728 3002
79 197 163 236 (528
540 194 826 251 Participialis
856 221 912 228 —
942 196 1157 241 particula

133 319 207 344 non
228 309 459 344 versabitur?
497 308 655 343 dicamus
689 310 755 344 has
788 310 1016 347 Geometriae
1049 323 1131 347 esse
1163 324 1199 359 p.
1232 316 1267 359 2,
1298 317 1356 360 21,
1389 317 1448 354 19.
1492 318 1530 354 in
1555 320 1627 355 hoe

131 355 263 400 primas
288 368 322 400 p.
353 368 431 390 esse
457 361 604 390 naturae
627 359 682 398 11,
723 359 757 400 3,
792 361 847 391 11.
898 358 934 392 in
960 359 1157 394 comoediis
1189 376 1236 383 --
1267 369 1368 406 pater
1399 363 1482 408 ille,
1527 368 1627 411 cujus

132 402 343 446 praecipuae
369 415 403 446 p.
434 408 514 436 sunt
549 404 592 436 ib.
628 402 686 437 74.
721 403 852 448 primas
885 405 921 438 in
956 406 1121 440 docendo
1157 407 1342 442 rhetorum
1372 422 1406 454 p.
1432 413 1478 454 2,
1511 411 1559 456 4,
1591 417 1624 446 1.

130 449 288 492 reliquae
325 448 569 495 interrogandi
604 454 686 482 sunt
716 461 748 494 p.
775 450 808 492 5,
833 454 869 493 7,
898 451 954 486 26.
985 459 1021 485 et
1048 452 1256 487 inveniendi
1285 461 1328 488 et»
1354 456 1534 498 judicandi
1555 459 1626 494 eibi

131 495 313 528 vindicent
340 507 374 538 p.
391 497 423 537 5,
448 494 504 537 14,
529 496 584 529 28.
608 495 760 529 oratoris
785 497 1000 531 officium
1025 499 1190 542 docendi,
1218 503 1400 545 movendi,
1419 503 1625 538 delectandi

132 541 359 585 partibus
383 541 559 575 contineri
583 543 617 583 8,
645 543 702 579 Pr.
736 545 769 576 7.
816 542 881 586 iis,
926 555 1012 589 quas
1045 551 1175 592 agunt,
1212 549 1370 591 partibus
1407 552 1461 591 11,
1497 552 1532 591 3,
1565 549 1623 584 74.

129 589 294 630 Pyrr-lton
320 587 486 631 quidem,
522 599 610 631 quas
633 588 671 621 in
694 589 765 622 hoc
789 599 932 633 opere
967 592 1104 625 -habere
1141 598 1303 636 partes
1333 600 1452 638 potest
1489 599 1553 638 12,
1589 599 1624 639 2,

131 634 186 666 24.
214 633 485 667 delectationem
502 635 614 679 magis
638 635 800 679 proprias
821 636 855 668 in
875 637 1083 672 elocutione
1105 649 1141 682 p.
1166 639 1298 673 habere
1315 641 1349 683 8,
1370 642 1428 674 Pr.
1453 643 1487 676 7.
1512 642 1625 676 nostri

130 691 210 712 suas
234 692 268 723 p.
296 679 511 723 omiserunt,
543 686 579 714 et
604 681 823 727 grammatici
847 682 979 717 alienas
1014 692 1279 728 occupaverunt
1310 690 1351 728 2,
1382 690 1416 729 1,
1453 691 1484 722 1.
1519 688 1625 723 inviti

130 725 264 766 judices
291 726 437 760 audiunt
461 734 747 771 praesumentem
770 740 805 772 p.
834 739 915 762 suas
941 732 996 773 11,
1023 732 1056 773 1,
1080 733 1140 765 27.
1174 732 1238 765 has
1265 745 1300 777 p.
1327 732 1422 767 subit
1445 734 1480 776 6,
1507 737 1541 777 1,
1565 732 1624 768 24.

130 772 306 806 translatis
328 778 465 806 tautum
487 772 678 818 aliquando
705 787 740 818 p.
765 776 799 817 3,
828 775 862 817 6,
887 776 945 810 85.

221 819 294 858 lv)
323 822 355 851 in
377 819 525 862 judiciis.
574 819 616 863 α)
643 822 792 862 singna.-
828 832 849 853 a
878 827 980 865 parte
1016 821 1214 863 accusantis
1248 825 1291 866 7,
1325 822 1362 867 4,
1389 825 1447 859 38.
1493 836 1560 870 pro
1587 837 1624 870 p.

129 871 292 909 suscepta
317 868 352 908 7,
376 869 411 908 2,
437 865 493 900 55.
542 877 576 909 p.
606 866 700 910 ejus,
732 877 836 912 quam
862 873 1002 902 tuemur
1033 870 1067 911 5,
1107 871 1162 906 12,
1199 869 1234 902 ’7.
1282 869 1509 915 adversarius
1532 872 1647 913 fidu-⁷

127 911 216 944 ciam
240 923 274 954 p.
300 923 384 945 suae
408 913 515 954 jactat
538 911 573 954 4,
601 914 632 954 1,
661 916 714 947 19.
762 923 890 947 vocem
916 915 960 947 ad
994 920 1154 948 nostram
1175 927 1210 959 p.
1241 921 1385 950 vertere
1416 920 1451 957 7,
1491 918 1526 959 9,
1566 915 1622 951 14.

128 960 225 1001 quae
244 963 388 992 nostrae
409 958 517 1002 partis
546 964 640 1001 sunt,
673 958 802 1002 scripta
831 971 910 993 esse
936 966 1085 1004 possunt
1111 964 1166 1003 12,
1189 961 1224 1004 9,
1249 963 1302 997 19.
1329 972 1402 996 non
1422 962 1539 997 minus
1558 973 1625 999 nro

126 1004 275 1038 adversa
299 1016 334 1048 p.
359 1013 467 1048 quam·
485 1014 552 1048 pro
577 1016 654 1038 mea
681 1006 877 1052 cogitabam
902 1010 936 1048 7,
967 1010 1000 1049 1,
1023 1006 1058 1040 4.
1085 1006 1130 1048 qs.
1156 1010 1191 1049 2,
1215 1005 1251 1050 4,
1274 1010 1320 1043 28
1353 1012 1396 1043 Ζ.
1429 1011 1464 1051 4,
1493 1013 1534 1051 1,
1559 1001 1622 1043 ’11.

126 1050 160 1092 4,
190 1052 224 1090 5,
244 1051 299 1084 28.
329 1053 382 1092 12,
407 1051 441 1092 9,
469 1053 522 1083 11.
546 1062 581 1094 p.
608 1052 750 1085 diversa
775 1065 852 1095 opp.
879 1058 999 1086 nostra
1021 1055 1055 1096 3,
1082 1056 1139 1096 11,
1167 1055 1223 1087 23.
1251 1053 1295 1095 rs.
1323 1053 1358 1097 4,
1389 1057 1420 1094 1.
1442 1053 1498 1090 54.
1522 1054 1560 1100 4,
1584 1058 1622 1099 2,

126 1098 160 1129 (5.
190 1099 267 1129 102.
298 1096 329 1137 5,
359 1100 392 1138 7,
422 1099 476 1130 11.
503 1099 560 1131 23.
587 1099 620 1139 5,
649 1100 703 1140 13,
731 1101 785 1132 12.
818 1101 872 1141 11,
898 1101 932 1141 3,
964 1099 1043 1134 165.
1092 1100 1257 1134 diversae
1279 1112 1315 1145 p.
1347 1101 1531 1135 advocatis
1562 1103 1622 1146 11,

128 1145 160 1184 1,
190 1143 245 1176 19.
274 1142 465 1186 propositis
490 1154 537 1176 ex
562 1144 703 1177 diversa
728 1156 763 1188 p.
790 1146 1011 1189 respondere
1044 1147 1078 1188 2,
1110 1144 1145 1183 4.
1181 1147 1237 1180 28.
1273 1158 1308 1191 p.
1347 1148 1457 1181 attera
1492 1148 1527 1188 5.
1561 1149 1620 1191 13,

126 1189 183 1223 36.
208 1191 243 1230 7,
269 1192 300 1228 2,
330 1192 385 1222 51.
415 1191 468 1231 10,
499 1190 533 1231 5,
559 1192 616 1223 20.
649 1191 776 1223 samam
808 1203 841 1234 p.
877 1192 1026 1225 altera
1063 1201 1279 1226 consensum
1311 1192 1467 1228 civitatis
1500 1198 1621 1236 vocat,

129 1235 286 1267 altera
316 1245 519 1268 sermonem
558 1243 617 1268 cic.
656 1238 689 1277 5,
726 1238 758 1269 3.
792 1236 836 1277 cf.
874 1238 906 1279 5,
937 1238 973 1280 4,
1008 1241 1040 1271 1.
1091 1237 1277 1282 utriusque
1300 1251 1334 1283 p.
1371 1239 1457 1273 facit
1489 1236 1621 1274 bonam

128 1289 268 1313 causant
297 1282 331 1322 9,
362 1283 396 1322 2,
428 1282 485 1314 29.
536 1282 631 1324 quod
658 1293 713 1314 ex
738 1288 889 1326 utraque
913 1295 1040 1317 causae
1067 1296 1102 1328 p.
1123 1284 1262 1318 dicatur
1281 1288 1317 1328 2,
1343 1288 1400 1328 17,
1424 1288 1481 1327 30.
1499 1285 1544 1327 «ff.
1563 1287 1621 1320 31.
1653 1295 1659 1297 ⁴

126 1327 330 1359 confessum
358 1337 417 1358 ex
441 1331 589 1369 utraque
613 1338 646 1369 p.
677 1328 730 1369 jus
760 1334 813 1360 est
836 1334 895 1361 aut
919 1330 1065 1362 dubium
1092 1333 1127 1372 7,
1151 1333 1186 1371 7,
1206 1334 1228 1365 7
1253 1330 1363 1371 Z.fcs.
1387 1335 1422 1374 7,
1441 1334 1475 1374 1,
1492 1334 1526 1365 2.
1546 1340 1627 1376 «pro,

123 1372 273 1405 meliore
296 1381 331 1415 p.
354 1373 454 1414 plura
478 1377 559 1403 sunt
584 1383 724 1415 semper
749 1373 976 1416 (argumenta)
1001 1376 1035 1416 δ,
1059 1379 1093 1416 2,
1116 1375 1159 1417 4;
1184 1375 1222 1409 iu
1245 1377 1403 1410 secunda
1425 1375 1622 1410 assertione

126 1426 186 1451 cic.
214 1423 315 1461 parte
341 1420 386 1457 (i.
413 1429 442 1450 e.
471 1418 668 1459 diversa)
694 1418 790 1451 victa
818 1422 869 1461 11,
899 1423 930 1461 1,
971 1420 1028 1453 78.
1074 1418 1112 1461 β)
1142 1424 1262 1454 Ptur..·
1296 1421 1515 1455 diversarum
1538 1433 1623 1466 par-

123 1465 211 1498 tium
236 1463 437 1496 hominibus
462 1465 497 1504 5,
526 1465 581 1505 13,
608 1464 640 1497 5.
690 1463 850 1497 diversas
873 1476 907 1507 p.
934 1464 1025 1498 tueri
1053 1467 1088 1507 6,
1112 1463 1148 1508 4,
1171 1469 1228 1499 21.
1265 1466 1409 1510 optimis
1433 1478 1473 1501 se
1498 1479 1547 1511 p..
1580 1466 1620 1501 id

126 1516 180 1544 est
212 1509 322 1553 reip.,
355 1510 519 1555 jungeret
556 1512 611 1551 12,
646 1512 679 1551 1,
714 1511 778 1551 163
823 1510 982 1554 Pompeii
1009 1509 1077 1554 (sc.
1112 1510 1301 1553 dicium)
1334 1511 1372 1546 in
1405 1511 1618 1548 Ciceronem

120 1557 341 1590 diffidentem
376 1555 592 1600 partibus
636 1553 697 1597 (a.
736 1559 757 1589 1.
794 1557 896 1596 adsic-
930 1557 1030 1600 ejus)
1062 1557 1096 1598 6,
1131 1559 1164 1596 3,
1191 1559 1255 1590 111
1291 1558 1338 1591 N.
1373 1570 1420 1592 ον.
1468 1559 1618 1593 Tubero

118 1604 288 1647 juvenem
322 1613 360 1635 se
398 1601 491 1646 patri
522 1600 682 1635 haesisse
718 1609 780 1635 etc.
807 1603 875 1645 ait,
907 1608 946 1635 ut
978 1601 1132 1647 primum
1153 1602 1315 1646 licuerit,
1350 1614 1372 1637 a
1396 1605 1620 1648 partibus

122 1649 315 1683 recessisse
346 1650 402 1688 11,
434 1650 467 1690 1,
498 1647 556 1681 80.
1185 1668 1191 1671 -

71 1692 372 1749 ‘Participialis
421 1703 550 1738 dictu
575 1709 610 1737 et
637 1703 656 1736 s
666 1709 784 1738 actu.
835 1704 926 1739 Sunt
953 1704 1047 1739 enim
1071 1705 1162 1738 haec
1186 1714 1330 1750 quoque
1361 1705 1475 1740 verba
1505 1706 1620 1751 parti*

121 1752 263 1797 cipialia
287 1751 449 1795 quidem,
483 1760 558 1784 non
581 1755 699 1784 tamen
728 1749 844 1794 qualia
869 1751 1023 1794 dicto,
1056 1751 1274 1795 factoque
1299 1755 1332 1795 1,
1359 1750 1396 1795 4,
1420 1751 1478 1787 29.

74 1797 363 1852 participium.
390 1807 544 1842 mixtum
570 1807 685 1841 verbo
700 1807 788 1852 part.
819 1807 958 1850 1,4,19.
978 1808 1151 1852 quaedam
1174 1820 1197 1852 p
1212 1807 1440 1853 articipia
1462 1803 1616 1849 verba

121 1870 173 1892 an
208 1853 561 1901 appellationes
586 1852 637 1897 (S
648 1867 681 1897 p.
717 1866 751 1898 p.
784 1865 830 1887 an
859 1853 962 1888 verbi
987 1855 1084 1898 app.)
1111 1853 1181 1887 sint
1204 1853 1357 1888 dubitari
1379 1852 1508 1900 potest,
1525 1854 1616 1900 'quia

121 1905 215 1939 aliud
241 1903 311 1936 alio
337 1904 418 1935 loco
443 1901 586 1940 valent,
624 1906 664 1933 ut
690 1900 848 1934 lectus
876 1905 912 1934 et
936 1900 1127 1945 sapiens
1154 1903 1184 1940 1,
1208 1899 1244 1943 4,
1279 1902 1325 1935 27
1353 1901 1395 1935 Ζ.
1431 1898 1483 1942 ,in
1513 1912 1616 1945 par-

117 1949 300 1994 ticipio
329 1959 394 1992 per
417 1957 529 1993 genus
557 1950 593 1978 et
617 1955 752 1988 casum,
799 1951 838 1978 ut
861 1945 899 1979 in
930 1946 1190 1988 vocabulo,
1226 1951 1398 1990 peccatur
1431 1949 1466 1990 1,
1494 1947 1529 1989 5,
1557 1945 1616 1981 47.

119 1997 298 2042 quomodo
326 1993 469 2037 quire
495 1997 530 2025 et
556 2002 694 2025 ruere
718 1991 756 2025 in
789 1991 976 2036 participia
1001 1991 1225 2026 transibunt?
1261 1994 1294 2034 1,
1319 1993 1354 2034 6,
1377 1993 1435 2026 26.
1481 1990 1615 2029 utimur

118 2050 154 2078 et
176 2042 318 2076 verbo
344 2049 411 2084 pro
435 2037 726 2082 participio,
763 2040 975 2080 Magnum
1002 2036 1231 2078 ‹latserre
1254 2042 1499 2081 talentum,
1532 2042 1613 2082 tan-

117 2100 222 2134 quam
244 2086 504 2128 serendum.-
545 2091 580 2117 et
604 2083 864 2127 participio
888 2093 963 2128 pro
988 2084 1151 2126 verbo,
1193 2086 1306 2117 Volo
1330 2085 1483 2117 datiam
1517 2083 1554 2126 9,
1575 2085 1612 2126 3,

115 2138 149 2171 9.
181 2136 340 2175 Edico,
368 2139 404 2164 et
428 2133 526 2163 dira
550 2132 716 2163 bellum
745 2142 833 2162 cum
868 2137 1003 2172 gente
1025 2131 1277 2171 gerendum.
1316 2129 1487 2176 Quamvis
1512 2128 1607 2174 enim

115 2194 196 2225 pars
226 2183 332 2213 bello
358 2175 537 2221 posterior
558 2175 747 2220 participio
773 2174 938 2220 insistat,
977 2174 1117 2219 utrique
1153 2174 1325 2211 convenit
1356 2175 1445 2209 illud
1477 2172 1609 2209 edico

112 2231 154 2261 ib.
179 2226 237 2261 64.
1471 2232 1476 2235 ’

73 2280 296 2326 Particula.
357 2292 397 2330 α)
421 2292 494 2323 tam
517 2288 675 2322 minutae
702 2297 823 2322 rerum
850 2293 941 2332 part.
966 2289 1000 2330 3,
1026 2289 1082 2330 11,
1107 2290 1166 2321 21.
1214 2298 1386 2340 sonorum
1415 2287 1610 2332 particulae

114 2345 154 2383 2,
190 2342 224 2381 8,
263 2339 320 2373 15.
366 2338 457 2370 haec
491 2335 860 2376 (Suovetaurilia
894 2335 975 2374 etc.)
1004 2344 1077 2367 non
1104 2339 1176 2367 tam
1202 2345 1250 2368 ex
1283 2335 1395 2368 tribus
1429 2333 1608 2379 (partibus

113 2386 292 2424 orationis)
319 2394 423 2427 quam
448 2393 496 2415 ex
526 2380 710 2425 particulis
737 2379 842 2413 trium
867 2382 999 2414 coe'unt
1024 2383 1056 2421 1,
1090 2381 1123 2421 5,
1154 2381 1211 2414 67.
1247 2381 1458 2424 particulam
1485 2379 1606 2416 civiti-

112 2432 194 2466 tatis
219 2431 306 2464 sicut
332 2427 535 2462 dialectices
559 2426 773 2460 Aristoteles
797 2426 999 2460 rhetoricae
1027 2425 1180 2471 assignat
1213 2428 1247 2464 2.
1282 2428 1349 2469 17,
1383 2425 1440 2460 14.
1487 2436 1605 2471 neque

114 2477 303 2522 quidquam
330 2486 377 2508 ex
399 2473 478 2516 his,
514 2484 605 2517 quae
630 2479 703 2506 tum
732 2473 911 2517 praecepi,
947 2482 1208 2515 si'tpervacuum
1246 2471 1332 2505 suit:
1378 2471 1422 2505 ad
1461 2472 1604 2507 easdem

113 2524 207 2558 enim
229 2527 319 2565 part.
343 2522 432 2554 haec
457 2529 623 2562 quoque,
660 2529 752 2561 quae
787 2528 882 2550 nunc
904 2517 1140 2561 praecipiam,
1177 2522 1404 2551 revertentur
1426 2518 1461 2559 3,
1482 2516 1518 2556 6,
1541 2516 1600 2550 65.

110 2571 153 2615 β)
179 2569 358 2611 praecipue
386 2567 560 2598 orationis.-
600 2565 667 2596 hae
694 2562 886 2606 particulae
911 2569 1016 2606 prout
1041 2568 1122 2596 suut
1146 2574 1295 2608 graves,
1334 2569 1445 2602 acres,
1470 2561 1599 2605 lentae,

111 2616 266 2653 celeres,
298 2612 486 2651 remissae,
524 2611 746 2650 exultantes,
776 2608 926 2653 proinde
950 2608 1007 2651 id,
1032 2610 1126 2652 quod
1152 2620 1199 2642 ex
1225 2608 1294 2641 illis
1318 2605 1513 2648 conficitur,
1539 2613 1600 2645 aut

109 2669 275 2696 severum
304 2664 363 2689 erc.
392 2657 459 2688 erit
482 2659 514 2696 9,
543 2654 578 2698 4,
603 2656 659 2690 (59.
704 2655 810 2698 liujus
834 2654 943 2699 ipsius
969 2665 1004 2698 p.
1035 2654 1182 2698 aliquod'
1209 2653 1345 2686 initium
1377 2652 1532 2686 fecerit?
1561 2654 1596 2697 7,

109 2710 166 2748 10,
192 2707 225 2739 6.
273 2713 353 2736 cum
399 2702 563 2733 fecerunt
602 2701 698 2733 mille
733 2706 840 2744 part...
880 2699 916 2733 in
949 2697 1593 2750 eandemstncidunt·obscuritatem,

107 2757 233 2787 contra
259 2742 362 2792 quam
389 2747 531 2789 partitio
555 2746 701 2780 inventa
728 2752 781 2778 est
806 2746 840 2788 4,
867 2748 901 2787 5,
925 2747 981 2780 25.
1009 2756 1081 2779 non
1105 2745 1269 2788 equidem
1303 2754 1340 2776 m
1363 2753 1486 2778 omnes
1517 2755 1594 2778 eam

105 2791 340 2844 (orationem)
364 2796 455 2837 part.
479 2792 608 2825 secabo
622 2817 634 2835 ,
673 2802 820 2836 quatum
843 2791 1028 2826 ambitiose
1051 2802 1072 2826 a
1102 2790 1312 2838 quibusdam
1333 2800 1505 2825 uumerus
1528 2797 1594 2825 au-
