1728 3002
176 206 258 244 648
628 199 898 258 Perpetualis
927 218 983 231 --
1011 201 1248 258 Persequor

228 315 262 358 5,
289 317 324 359 9,
352 316 385 351 5.
431 321 471 349 ut
495 313 699 361 diligentius
726 315 900 358 repetitos
931 313 1076 359 (libros)
1113 321 1282 360 tanquam
1317 317 1433 351 lector
1460 318 1719 362 perpenderem

226 363 292 406 Ep.
321 364 365 395 ad
388 360 525 405 Tryph.
551 365 584 394 2.
610 372 678 395 nec
702 362 823 395 auditu
848 363 911 396 sed
937 362 1118 396 intellectu
1143 363 1396 406 perpendenda
1423 369 1477 397 est
1498 362 1719 408 (proprietas)

227 410 261 451 8,
286 411 320 450 2,
345 409 378 442 6,
404 407 716 444 dimetiendis
740 408 890 451 pedibus
917 419 958 442 ac
984 408 1338 452 perpendendis
1363 409 1507 453 syllabis
1526 411 1562 451 9,
1584 410 1620 454 4,
1644 414 1723 444 112.

226 465 311 498 per
326 455 475 497 pende
490 454 600 487 ndis
625 455 1099 499 coagmentandisque
1123 454 1175 488 eis
1201 454 1359 499 (verbis)
1385 458 1441 498 12,
1466 457 1525 499 10,
1547 458 1605 492 77.
1631 454 1638 466 ⁷

180 498 460 554 Perpetualls·
502 517 691 554 praecepta
706 536 716 552 ‚
752 522 841 556 quae
865 508 1116 545 καθολικαὶ
1144 516 1297 555 vocant,
1327 511 1364 545 id
1388 518 1442 547 est
1465 510 1530 556 (ut
1553 513 1720 558 dicamus,

227 559 407 602 quomodo
433 557 648 601 possumus)
673 557 972 593 universalia
996 559 1057 592 vel
1083 558 1383 602 perpetualia
1414 561 1450 602 2,
1476 561 1533 603 13,
1559 559 1615 596 14.

184 603 407 658 Perpetuo·
451 626 523 649 non
548 627 582 659 p.
607 614 824 649 intendimus
847 614 886 649 in
908 615 997 650 haec
1022 615 1178 650 animum
1202 617 1236 658 3,
1263 618 1318 659 11,
1343 615 1401 651 25.

183 659 426 715 Pel'petUUS-
475 671 512 705 in
538 672 680 706 actione
705 679 939 717 perpetua
965 686 1042 717 opp.
1077 672 1234 707 brevis
1274 679 1380 717 atque
1409 672 1605 707 concisa
1627 674 1662 718 6,
1685 672 1722 717 4,

226 721 259 750 2.
286 730 319 762 p.
347 718 582 752 admiratione
608 721 664 760 11,
690 722 722 762 1,
751 722 806 754 13.
855 720 996 754 fructua
1018 732 1052 763 p.
1077 730 1144 754 nec
1169 720 1335 753 fortunae
1359 719 1556 761 subjectum
1596 722 1645 763 1,-
1665 722 1721 762 12,

228 765 283 798 18.
309 775 342 806 p.
375 765 543 798 discentis
563 765 713 798 intentio
739 768 772 808 1,
797 768 830 806 2,
862 769 918 800 11.
944 766 1067 799 laudes
1094 764 1287 809 Capitolini
1309 765 1412 800 Jovis
1434 771 1605 810 perpetua
1630 765 1724 799 sacri

226 810 429 844 certaminis
453 811 599 844 materia
623 813 657 853 3,
682 814 715 854 7,
739 811 774 845 4.
804 812 975 846 orationis
1002 813 1072 845 (hio
1108 822 1258 858 genera,
1291 813 1402 846 altera
1436 823 1580 857 perp„
1612 812 1723 846 altera

227 855 418 890 concisa
442 861 477 900 2,
504 860 562 899 20,
589 860 611 891 7
637 869 669 891 v.
699 857 871 892 Oratio.
897 857 935 894 in
957 863 1167 902 perpetuum
1191 860 1227 901 2,
1247 856 1284 901 4,
1304 856 1365 892 40.
1559 862 1561 864 “

179 900 430 957 Pei-plexus.
479 915 652 958 perplexa
677 914 883 949 discernere
908 918 964 957 12,
991 918 1024 957 2,
1061 917 1115 949 10.
1144 926 1263 959 neque
1295 919 1368 948 tam
1391 925 1446 958 pe
1458 907 1630 958 rplexa
1665 919 1726 950 ant

225 965 295 993 tani
322 971 425 993 num
441 971 578 994 erosa
603 966 706 1001 sunt,
741 973 830 1005 quae
864 967 1029 1003 premunt
1065 963 1131 1004 12,
1171 965 1238 1004 11,
1274 963 1329 994 12.
1378 971 1483 994 causa
1516 960 1726 995 difficili

227 1011 334 1050 atque
358 1008 508 1048 perpl.
537 1010 592 1048 11,
621 1010 654 1050 1,
678 1007 735 1042 63.
765 1006 808 1048 cf.
834 1006 869 1049 4,
895 1011 928 1050 1,
953 1007 1010 1041 62.
1037 1016 1071 1048 p.
1098 1007 1212 1054 magis
1243 1006 1512 1042 controversiae
1547 1009 1582 1050 2,
1609 1007 1664 1049 10,
1687 1007 1726 1041 9.

225 1061 261 1093 p.
297 1051 429 1133 magis8
453 1053 634 1094 expositio
663 1051 706 1093 4,
743 1056 782 1096 1,
819 1056 875 1088 79.
922 1053 1156 1088 institutionis
1197 1059 1272 1087 tam
1301 1059 1584 1096 numerosae
1617 1058 1724 1098 atque

226 1100 377 1140 perpl.
432 1124 442 1140 ,
468 1100 526 1132 Pr.
553 1102 586 1132 2.

177 1140 379 1198 PerpluO.
428 1166 508 1189 cum
535 1157 767 1190 coenaculum
794 1158 870 1201 ejus
895 1157 1100 1199 perplueret
1122 1155 1158 1199 6,
1186 1158 1221 1200 3,
1245 1154 1303 1192 64.

178 1199 393 1255 Perpollo·
451 1214 546 1256 quod
573 1214 699 1248 literae
725 1215 970 1256 perpolierunt
997 1217 1032 1258 2,
1060 1217 1116 1256 12,
1143 1215 1179 1250 8.

178 1256 376 1312 Perpoto.
422 1268 461 1302 in
484 1270 622 1304 balneis
647 1277 837 1312 perpotare
867 1274 899 1315 1,
926 1272 961 1315 6,
983 1270 1041 1305 44.

179 1325 404 1380 perquam·
452 1345 487 1377 Ρ.
513 1337 644 1371 breves
672 1341 727 1381 11,
757 1341 791 1381 3,
818 1341 894 1372 137.
922 1347 958 1379 p.
983 1337 1138 1383 exignus
1158 1341 1194 1381 2,
1220 1341 1276 1381 17,
1301 1339 1358 1372 28.
1385 1347 1420 1379 p.
1448 1339 1556 1372 multa
1581 1339 1636 1381 12,
1667 1340 1725 1382 10,

225 1384 352 1472 2211),
380 1391 492 1461 pilu-ica
515 1384 550 1426 8,
579 1384 637 1416 Pr.
665 1385 699 1418 5.
731 1393 766 1426 p.
789 1383 949 1418 recentia
971 1385 1005 1426 8,
1030 1386 1065 1427 3,
1092 1382 1150 1418 34.
1190 1393 1226 1424 p.
1254 1383 1353 1418 tenui
1379 1384 1414 1426 9,
1443 1386 1477 1426 1,
1499 1385 1544 1439 3,
1578 1393 1614 1425 p.
1640 1395 1725 1418 raro

180 1485 400 1541 Perquiro·
450 1496 653 1531 animalium
678 1503 907 1542 satorumque
928 1502 1072 1531 naturas
1096 1506 1221 1530 omnes
1244 1495 1467 1541 perquireret
1494 1498 1551 1538 12,
1584 1499 1640 1539 11,
1667 1500 1726 1531 22.

179 1541 213 1583 P
216 1542 438 1636 elgsclssbob
465 1554 497 1588 si
535 1556 580 1589 ad
619 1556 806 1597 exemplar
838 1554 943 1596 primi
981 1554 1063 1588 libri
1102 1555 1235 1589 bellum
1267 1554 1427 1590 Siculum
1458 1554 1725 1596 pei-scripsisset

279 1626 289 1642 ‚
353 1627 363 1643 ,
393 1602 414 1635 S
441 1624 450 1634 .

179 1657 330 1699 Perses
334 1666 440 1699 Utor·
490 1669 541 1704 sic
566 1682 708 1704 causam
735 1675 976 1712 perscrutatus
1002 1671 1059 1713 12,
1085 1670 1120 1712 8,
1155 1668 1210 1704 15.

178 1715 375 1757 Perseco·
425 1728 636 1768 persecuisti
659 1728 748 1770 reip.
773 1727 934 1763 vomicas
957 1734 1040 1762 vet.
1069 1733 1182 1760 orat.
1209 1726 1244 1769 8,
1269 1727 1306 1769 6,
1331 1725 1388 1761 15.

126 1827 128 1829 v
175 1772 429 1828 Persequor.
479 1785 512 1826 1)
537 1796 628 1830 quae
655 1784 842 1828 (vestigia)
866 1785 1045 1826 persecuti
1073 1787 1108 1826 2,
1136 1784 1172 1826 6,
1198 1785 1230 1818 5.
1257 1793 1339 1816 cum
1363 1791 1480 1824 paene
1503 1781 1726 1824 ipsam-*ver-

227 1830 352 1863 borum
386 1829 526 1871 copiam
562 1838 821 1875 persequantur
859 1831 1032 1872 (manus)
1067 1833 1122 1872 11,
1158 1832 1193 1871 3,
1229 1830 1285 1864 85.
1333 1830 1435 1864 velut
1466 1829 1725 1871 praeformatas

222 1875 417 1910 infantibus
442 1877 561 1911 literas
584 1876 876 1922 persequentium
902 1878 936 1920 5,
962 1876 1019 1919 14,
1046 1878 1112 1917 31,
1151 1886 1242 1919 quae
1267 1875 1393 1918 (vitia)
1415 1876 1600 1909 robustum
1634 1884 1726 1919 qno-

227 1934 295 1966 que
322 1929 358 1956 et
384 1924 451 1965 jam
481 1923 675 1958 maximum
700 1935 823 1970 regem
850 1923 892 1956 ab
917 1922 979 1956 ina
1012 1921 1234 1956 institutione
1266 1921 1396 1962 puerili
1430 1927 1514 1955 sunt
1537 1926 1726 1962 persecuta

227 1968 315 2011 (Sp.
342 1968 466 2012 pros.)
493 1973 526 2012 1,
554 1973 585 2012 1,
612 1972 634 2004 9
658 1974 700 2004 Ζ.
750 1969 922 2004 Aeolicae
952 1969 1089 2008 literae,
1117 1966 1263 2002 etiamsi
1279 1968 1396 2001 forma
1419 1978 1440 2000 a
1462 1966 1566 2001 nobis
1592 1975 1726 2008 repu-

226 2014 351 2048 diata
381 2021 456 2051 est.
481 2016 537 2049 vis
562 2022 680 2049 tamen
705 2027 771 2050 nos
786 2016 863 2056 ipsa
891 2013 1216 2058 persequitur
1244 2015 1302 2056 12,
1327 2015 1384 2057 10,
1408 2014 1471 2055 29,
1503 2013 1586 2046 dum
1609 2012 1726 2046 laudis

223 2060 349 2094 falsam
373 2061 565 2108 imaginem
590 2068 854 2106 persequuntur
876 2062 933 2101 (a,
968 2065 990 2095 ι.
1028 2062 1131 2104 seq.)
1175 2060 1214 2103 5,
1253 2060 1295 2100 8,
1332 2061 1365 2092 1.
1413 2059 1491 2106 Ego
1527 2063 1643 2092 autem
1678 2068 1727 2091 ne

223 2107 450 2141 scribendum
478 2108 622 2152 quidem
650 2115 748 2151 puto,
782 2108 878 2151 quod
905 2118 979 2141 non
1005 2108 1104 2150 (Sp.
1130 2106 1221 2148 om.)
1253 2105 1399 2139 simus
1433 2105 1605 2139 memoria
1626 2113 1728 2146 per—

226 2154 447 2187 secuturi
475 2155 532 2195 (α.
560 2159 583 2189 l.
612 2152 730 2195 pros.)
757 2156 811 2192 10,
839 2157 874 2195 7,
899 2156 944 2188 32
969 2154 1017 2187 N.
1049 2159 1080 2185 et
1108 2153 1144 2185 S.
1192 2162 1308 2196 neque
1335 2150 1429 2186 enim
1456 2150 1531 2187 vim
1554 2160 1726 2184 summam

225 2198 366 2233 dicendi
393 2200 522 2234 infelix
545 2211 657 2244 usque
683 2201 732 2233 ad
756 2199 919 2233 ultimum
946 2197 1135 2233 solicitudo
1160 2196 1386 2241 persequitur
1421 2199 1585 2243 12,„1o‚
1615 2199 1662 2230 77
1685 2197 1723 2231 S.

223 2245 276 2286 11)
302 2248 462 2279 dicendo.-
498 2247 570 2280 hoc
598 2246 820 2288 dicturos
847 2243 1071 2280 adversarios
1097 2250 1133 2277 et
1156 2243 1206 2278 ita
1230 2248 1579 2285 persecuturos
1609 2242 1642 2285 5,
1667 2242 1726 2281 13.

222 2289 279 2324 48.
330 2304 420 2336 quae
445 2293 565 2326 omnia
594 2291 760 2335 persequi
784 2301 898 2333 prope
922 2290 1095 2324 infinitum
1133 2296 1186 2324 est
1223 2292 1279 2332 11,
1317 2290 1352 2331 3,
1389 2291 1469 2323 121.
1509 2287 1554 2329 qs.
1586 2288 1650 2330 10,
1691 2289 1724 2330 1,

223 2338 279 2373 37.
307 2349 394 2381 quas
421 2338 585 2382 persequi
610 2340 754 2384 longum
781 2344 833 2371 est
858 2339 894 2380 8,
923 2339 958 2380 3,
982 2335 1041 2370 46.
1069 2334 1113 2376 cs:
1151 2338 1206 2378 10,
1240 2338 1273 2377 1,
1309 2335 1388 2369 118.
1420 2345 1512 2379 quae
1544 2333 1575 2386 si
1604 2343 1728 2377 perse-

225 2393 396 2426 quamur,
434 2386 552 2417 nullus
578 2385 645 2418 erit
670 2385 797 2417 modus
822 2386 855 2426 5,
882 2385 938 2425 10,
966 2383 1032 2423 91,
1068 2381 1147 2424 quis
1175 2380 1244 2416 erit
1263 2381 1409 2423 modus,
1434 2380 1466 2415 si
1494 2385 1531 2414 et
1552 2381 1659 2431 illos,
1689 2383 1727 2412 et

226 2427 286 2470 qui
325 2436 450 2469 postea
481 2432 629 2464 fuerunt
660 2438 722 2464 etc.
747 2429 838 2472 (om.
864 2426 1133 2472 persequar)
1163 2429 1218 2469 10,
1247 2429 1280 2469 1,
1307 2427 1363 2461 38.
1409 2425 1725 2475 onerabo'ghbruni

226 2476 428 2518 exemplis,
470 2476 500 2509 si
533 2475 700 2520 persequi
733 2476 888 2510 voluero
929 2473 1068 2520 singula
1106 2480 1271 2507 veterum
1302 2473 1345 2515 6,
1384 2473 1427 2514 3,
1456 2472 1514 2507 65.
1558 2479 1727 2521 persequi

226 2519 389 2562 quidem,
426 2523 521 2565 quod
547 2522 696 2566 quisque
720 2533 877 2565 unquam
905 2521 967 2555 vel
1001 2518 1360 2552 contemtissimorum
1383 2517 1568 2552 hominum
1593 2515 1725 2567 dixerit

227 2571 289 2597 etc.
315 2569 346 2606 1,
376 2568 409 2607 8,
439 2569 493 2601 18.
517 2567 562 2608 cs.
590 2569 648 2601 Pr.
674 2569 739 2609 25,
778 2577 895 2611 neque
919 2565 957 2599 in
993 2570 1094 2611 gestu
1119 2574 1374 2608 persequemur
1409 2570 1533 2614 omnes
1570 2567 1724 2613 argutias

227 2611 290 2649 11,
327 2613 371 2653 3,
406 2614 483 2646 181.
533 2625 600 2647 nec
640 2625 783 2655 causas,
821 2623 885 2647 cur
917 2611 1072 2656 quidque
1123 2611 1280 2652 accidat,
1321 2613 1504 2652 Persequi,
1540 2612 1724 2657 proposito

226 2655 326 2694 OPeri
353 2659 594 2692 necessarium
620 2665 673 2692 est
698 2662 739 2692 ib.
770 2659 827 2693 16.
854 2668 979 2692 omnes
1004 2654 1134 2699 (fines)
1149 2656 1289 2700 quidem
1307 2653 1471 2697 persequi
1494 2664 1562 2686 nec
1586 2652 1723 2693 attinet,

226 2710 294 2732 1¹00
326 2710 468 2740 Possum
494 2707 529 2744 2,
557 2705 610 2745 15,
633 2707 689 2740 37.
714 2704 794 2738 finis
819 2715 892 2738 non
918 2702 998 2746 erit,
1024 2703 1054 2735 si
1076 2701 1233 2748 singulas
1258 2705 1503 2739 corruptorum
1528 2706 1725 2742 persequar

224 2747 358 2779 formas
381 2749 416 2788 8,
445 2750 479 2790 5,
505 2751 559 2782 25.
586 2761 681 2783 nunc
706 2761 836 2796 genera
859 2749 937 2791 ipsa
964 2748 1157 2782 lectionum
1181 2755 1378 2789 persequor
1401 2746 1449 2787 (a.
1470 2749 1491 2778 l.
1515 2743 1726 2788 persequar)

229 2793 283 2834 10,
311 2794 343 2834 1,
367 2791 424 2827 45.
473 2804 540 2826 nec
569 2804 694 2828 omnes
718 2795 804 2828 mihi
830 2794 997 2838 persequi
1024 2793 1189 2828 materias
1213 2792 1251 2826 in
1274 2790 1392 2824 animo
1416 2797 1482 2835 est,
1507 2801 1575 2825 nec
1598 2799 1724 2825 omnes
