1728 3002
506 157 716 214 Propitius
744 181 799 189 ——-
835 156 1029 212 Propouo
1449 158 1531 198 709

42 274 188 317 fecisse,
214 272 310 318 quod
333 269 518 315 objiciatur
538 273 574 312 7,
589 272 624 313 3,
640 274 672 304 1.
697 280 803 315 prox.
818 274 884 312 est,
909 268 1126 303 utdicamus
1149 271 1205 311 10,
1223 270 1258 310 5,
1277 270 1310 302 1.
1339 279 1372 305 v.
1392 267 1522 302 Dico.

47 315 95 363 ό.
117 324 159 364 7,
178 321 220 362 2,
245 319 304 354 29.
360 315 408 362 7)
427 317 470 352 ae
492 318 661 361 qualitate.
712 316 757 358 a)
782 321 915 360 quanto
938 314 984 349 sit
1009 315 1104 350 aliud
1136 312 1396 358 proximum
1431 324 1524 355 esse,

45 367 141 402 aliud
177 363 430 399 secundum
467 364 534 405 10,
566 365 605 404 1,
630 363 674 398 53
697 363 745 396 Ν.
770 369 801 395 ει
834 363 869 395 S.
905 359 1154 404 (Stesichorus)
1185 360 1327 395 videtur
1353 358 1523 393 aemulari

44 411 232 457 proximus
253 410 450 444 nnmerum
470 407 628 452 potuisse
642 410 685 442 ίῠ.
711 407 767 445 62.
788 406 946 441 omnium
968 407 1044 450 ejus
1066 406 1207 451 generis
1222 408 1407 449 poetarum
1428 406 1522 439 haud

47 457 153 491 dubie
176 455 361 500 proximus
393 456 436 487 ib.
462 455 528 496 853
575 454 647 488 Sed
686 459 787 494 esto,
822 463 940 497 neque
969 453 1159 493 melius,
1196 452 1291 496 quod
1323 451 1523 495 quaerimus

47 514 149 545 esse,
172 512 289 545 neque
313 510 413 544 par,
436 505 492 534 ent
513 505 610 534 certe
636 498 883 544 proximus
915 499 977 542 (a.
1002 503 1025 532 1.
1048 496 1243 542 proximis)
1279 498 1380 531 locus
1406 499 1462 539 10,
1487 499 1522 539 5,

45 549 82 584 6.
126 546 262 600 ingenii
291 546 430 592 signum
461 544 500 579 in
528 545 648 589 parvis
683 543 982 588 praecipuum
1012 543 1183 578 memoria
1216 549 1270 578 est
1301 563 1347 569 —
1390 553 1520 586 prox.

47 593 205 628 imitatur
218 595 254 635 1,
275 592 310 634 3,
338 594 372 625 1.
419 590 500 634 quia
522 590 567 624 sit
588 592 714 635 quaed.
737 590 925 625 virtutibus
949 600 992 624 ac
1015 590 1114 624 vitiis
1141 587 1394 631 vicinitas,
1419 594 1523 622 uten-

48 641 133 675 dum
152 637 370 683 proxima
396 636 614 671 derivatione
640 637 833 671 verborum
864 638 908 678 3,
934 639 979 679 7,
1002 636 1048 671 25
1069 637 1117 670 Ν.
1156 634 1338 680 proximas
1371 635 1525 679 exempli

47 684 136 728 (Sp.
160 682 344 727 exemplo)
372 681 599 718 vires'habet
620 681 812 716 similitudo
838 682 873 724 5,
897 684 954 724 11,
974 684 1021 715 22
1043 685 1086 716 Ζ.
1134 692 1182 716 ex
1208 691 1275 726 qua
1296 679 1424 723 (turba)
1447 679 1525 715 sine

26 729 252 772 ,discrimine
274 733 423 772 occupet
454 726 599 772 (dicens)
619 727 818 771 proximum
841 727 1006 772 quodque
1028 726 1066 771 (ἰ.
1090 741 1121 761 e.
1146 740 1196 760 ex
1218 724 1524 767 significanti-

45 778 125 810 hus
150 772 340 816 similioe)
364 775 428 815 10,
459 776 500 816 1,
531 774 566 806 7.
611 773 778 818 simplicis
804 773 979 816 sumtique
1011 783 1069 806 ex
1096 771 1314 817 proximo
1350 772 1525 805 sermonis

49 834 129 866 opp·
151 831 211 855 ex
232 830 284 854 re
311 825 432 852 natum
453 819 489 860 4,
516 821 548 860 1,
578 817 634 853 54.
669 818 714 860 ‘f-
740 821 803 861 10,
829 821 872 861 1,
897 821 952 852 12.
998 829 1089 862 quae
1111 828 1184 852 non
1212 817 1421 852 habentibus
1458 828 1526 851 no-

48 877 132 901 men
155 877 287 900 suum
309 864 575 905 accommodat,
598 866 693 908 quod
718 864 762 897 in
791 864 1009 908 proximo
1035 869 1088 897 est
1111 865 1155 905 8,
1178 864 1219 905 6,
1249 862 1306 897 34.
1329 869 1370 896 ut
1402 868 1525 907 opta-

47 912 148 946 bile
171 916 247 954 est,
273 911 352 954 plus
373 909 510 943 favoris
533 909 685 951 mereri,
708 909 760 944 sic
781 909 1067 953 proximum,
1096 908 1171 942 odii
1197 907 1314 942 minus
1334 908 1380 950 4,
1404 911 1446 950 1,
1467 908 1525 942 44.

48 955 448 1037 ffassussss‘sffls'fgngi
460 965 592 1034 ..2Ξὲξῖ
618 966 682 1034 ¹5³
701 966 745 1034 ΣΘ
767 954 844 1033 ³53³
865 965 936 1042 ”133³
947 953 1525 1042 5²⁰h1i¹2³9⁵¹1¹52282⁰3³1¹1¹1¹¹¹2155113

51 1047 295 1092 proximos
315 1045 369 1080 illi
390 1046 472 1080 viro
493 1045 571 1080 fieri
598 1026 665 1088 10,,
696 1025 749 1088 1,,
770 1047 849 1080 127.
896 1045 1040 1079 duriora
1069 1051 1105 1079 et
1124 1044 1332 1079 Tuscanicis
1362 1045 1526 1088 proxima

51 1094 180 1129 Callon
213 1098 283 1138 atq.
314 1091 486 1144 Hegesias
509 1110 556 1117 —
584 1091 670 1125 fecit
701 1094 770 1134 12,
808 1093 872 1132 10,
901 1094 936 1124 7.
981 1091 1147 1135 proxima
1177 1090 1259 1124 stilo
1281 1090 1448 1137 cogitatio
1472 1097 1526 1125 est

53 1141 110 1183 10,
131 1140 170 1183 6,
193 1134 224 1174 i.
269 1147 469 1181 prox-imam
492 1137 544 1178 (α.
573 1141 597 1175 1..
622 1134 798 1178 proxima)
825 1136 991 1170 clausulis
1017 1135 1232 1182 diligentiam
1253 1142 1406 1177 poscunt
1427 1136 1528 1171 initia

52 1186 77 1220 9
109 1182 148 1227 4,
167 1184 227 1220 62.
271 1184 344 1217 hoc
366 1193 477 1228 genus
502 1182 656 1216 sermoni
678 1192 732 1224 pr.
758 1188 814 1216 est
835 1184 878 1218 ib.
901 1183 961 1217 76.
991 1181 1037 1223 ‹J-
1061 1185 1124 1225 11,
1147 1184 1190 1224 3,
1214 1183 1294 1216 163.
1340 1187 1395 1215 est
1432 1181 1527 1216 enim

51 1210 243 1274 (ὶὶαοήα)
266 1229 432 1273 proxima
457 1227 572 1271 poetis
603 1233 639 1262 et
671 1229 932 1272 quodammodo
956 1238 1100 1261 cannen
1130 1227 1287 1261 solutum
1310 1229 1373 1269 10,
1399 1231 1441 1270 1,
1467 1230 1524 1263 31.

53 1274 199 1311 veritati
226 1284 281 1318 pr.
306 1273 495 1327 imaginem
512 1275 547 1316 2,
574 1275 629 1316 10,
652 1276 687 1306 2.
720 1285 775 1317 pr.
801 1273 991 1308 virtutibus
1017 1272 1107 1308 vitia
1131 1275 1188 1315 10,
1210 1275 1246 1315 2,
1270 1273 1325 1307 16.
1358 1272 1403 1314 cs:
1431 1274 1467 1316 8,
1490 1276 1526 1317 3,

51 1320 118 1363 ⁴8;
155 1321 252 1365 quod
277 1329 483 1364 proximum
513 1329 607 1354 vero
638 1320 707 1353 Pr:
722 1318 758 1353 4.
782 1317 843 1353 ille
870 1319 1012 1353 demum
1036 1318 1075 1352 in
1100 1318 1160 1361 id,
1194 1319 1289 1363 quod
1312 1318 1528 1363 quaerimus,

51 1371 112 1400 aut
134 1366 170 1400 ei
190 1365 393 1410 proximum
414 1363 545 1408 poterit
569 1365 743 1407 evadere,
767 1365 828 1409 qui
852 1371 914 1398 etc.
938 1367 975 1407 2,
998 1366 1034 1406 3,
1059 1367 1114 1399 17.
1138 1363 1393 1398 accusatoriam
1416 1365 1527 1400 vitam

51 1411 180 1448 vivere
195 1410 396 1454 proximum
415 1409 604 1444 latrocinio
629 1417 683 1444 est
707 1414 763 1453 12,
786 1414 821 1453 7,
845 1412 878 1445 3.
900 1409 1082 1454 proximas
1106 1411 1275 1453 exemplo
1297 1409 1397 1454 (opii.
1421 1413 1524 1449 Codd.

53 1457 228 1500 exempli)
249 1456 348 1492 vires
359 1456 469 1489 habet
488 1455 680 1490 similitudo
703 1458 737 1498 5,
760 1459 816 1498 11,
839 1458 885 1489 22
908 1457 956 1489 Ν.
986 1469 1054 1498 cr.,·
1086 1455 1298 1490 Aristoteles
1318 1455 1528 1492 idoneam

1 1534 7 1538 .
51 1502 255 1536 maxime
290 1502 335 1535 ad
360 1501 586 1536 scribendum
620 1501 932 1536 demonstrativam
958 1501 1294 1546 proximamque
1324 1503 1379 1536 ab
1408 1512 1451 1536 ea
1472 1503 1527 1546 ju-

52 1547 215 1581 dicialem
236 1546 377 1591 putavit
402 1548 438 1589 3,
461 1547 495 1588 8,
522 1547 579 1581 63.

11 1601 243 1657 Propitius.
287 1617 329 1647 ut
352 1623 408 1655 pr.
431 1613 542 1655 judex
564 1612 807 1646 defensionem
833 1612 951 1646 audiat
976 1612 1012 1655 4,
1035 1617 1070 1656 2,
1097 1616 1155 1647 27.
1189 1613 1233 1654 cs.
1260 1617 1297 1657 7,
1322 1617 1354 1655 1,
1377 1617 1433 1650 12.
1456 1626 1529 1660 quo

55 1669 125 1693 nec
149 1657 274 1692 studiis
297 1657 408 1704 magis
430 1657 620 1701 propitium
643 1660 729 1701 (Sp.
749 1658 946 1701 proprium)
974 1670 1105 1692 numen
1128 1664 1182 1693 est
1203 1658 1239 1702 4,
1263 1661 1322 1693 Pr.
1347 1660 1381 1695 5.
1409 1664 1453 1696 Ζ.

13 1713 221 1768 Proponu-
266 1721 303 1766 1)
327 1722 370 1767 a)
395 1724 587 1758 certamina
608 1724 788 1768 proposita
811 1724 1034 1769 eloquentiae
1059 1726 1153 1759 inter
1175 1727 1324 1768 juvenes
1346 1729 1383 1768 2,
1407 1730 1465 1771 17,
1491 1729 1527 1763 8.

58 1781 128 1804 nec
154 1769 257 1803 initio
280 1779 350 1802 nec
370 1767 442 1803 fine
467 1768 650 1813 proposito
675 1772 721 1812 7,
753 1771 810 1803 Pr.
838 1772 872 1803 3.
904 1770 1057 1812 justitiae
1082 1771 1264 1815 proposita
1295 1771 1448 1820 imagine
1472 1775 1529 1818 12,

59 1817 96 1857 3,
118 1813 177 1848 40.
196 1813 534 1865 ’inssessicieudo
560 1824 668 1858 opere
690 1815 936 1858 proposito
962 1817 998 1857 8,
1021 1818 1057 1858 3,
1080 1817 1137 1851 88.
1169 1816 1214 1857 cs:
1240 1819 1296 1860 11,
1320 1819 1356 1860 3,
1379 1819 1434 1853 16.
1458 1819 1531 1854 hoc

60 1865 245 1905 proposito
273 1858 428 1902 praemio
452 1862 515 1902 12,
540 1862 606 1902 11,
631 1862 685 1893 10.
734 1861 991 1904 propositarum
1022 1861 1267 1906 quaestionum
1298 1866 1340 1906 1,
1376 1866 1445 1908 10,
1473 1867 1532 1900 37.

59 1904 243 1950 proposita
265 1904 495 1956 honestorum
517 1915 561 1937 ac
582 1904 735 1948 turpium
757 1905 817 1939 via
841 1908 907 1948 12,
934 1909 976 1948 1,
999 1908 1033 1941 3.
1060 1909 1151 1941 haec
1183 1913 1266 1941 sunt
1286 1910 1348 1943 vel
1372 1908 1530 1945 illustra-
1575 1928 1580 1930 -

59 1955 179 1984 menta
198 1949 506 1994 pronunnauonis,
529 1948 655 1993 quibus
677 1950 867 1993 propositis
892 1952 1000 1985 multa
1026 1953 1182 1999 cogitare
1204 1954 1309 1988 debet
1327 1960 1450 1990 orator
1472 1959 1530 2000 11,

60 1998 107 2038 3,
131 1994 210 2030 149.
249 2005 460 2038 quocunque
482 1993 644 2038 (απὶιπιιε)
666 1996 846 2038 respexit,
871 1995 1001 2031 intueri
1024 1998 1172 2039 desinit,
1194 1999 1290 2042 quod
1310 1994 1541 2044 propositum

63 2046 139 2075 erat
160 2042 225 2082 10,
247 2041 290 2082 3,
311 2041 368 2074 23.
403 2041 575 2074 habere
596 2039 703 2073 finem
726 2041 878 2084 aliquem
906 2043 1205 2085 propositum
1232 2047 1273 2086 2,
1299 2047 1356 2088 17,
1378 2049 1445 2089 223
1482 2059 1530 2082 an

11 2115 19 2120 „
62 2084 226 2120 dominus
256 2085 333 2128 ejus
361 2084 559 2119 auctionem
592 2085 833 2128 proposuisset
855 2087 899 2128 6,
923 2089 964 2129 3,
986 2088 1044 2122 99.
1089 2087 1134 2133 β)
1158 2102 1186 2123 c.
1210 2092 1318 2123 Παμ-
1350 2101 1531 2136 propona-

62 2142 143 2167 mus
163 2129 266 2165 nobis
293 2129 475 2164 Ciceronis
496 2130 536 2163 in
561 2129 720 2164 oratioue
744 2130 960 2166 nobilissima
982 2143 1048 2176 pro
1071 2133 1209 2168 Milone
1236 2134 1445 2180 principium
1473 2142 1514 2173 11

62 2179 100 2219 3,
128 2177 186 2211 37.
210 2175 282 2209 hoc
304 2174 516 2219 (ampzum)
538 2174 757 2219 propositum
780 2176 883 2210 nobis
906 2177 951 2211 sit
979 2180 1037 2221 ιο,
1062 2181 1095 2221 i,
1119 2182 1196 2212 112.
1227 2187 1291 2214 sua
1314 2184 1445 2227 cuique
1459 2165 1531 2220 tle}

4 2234 7 2242 r
63 2220 245 2267 proposita
272 2222 329 2263 10,
351 2222 387 2263 2,
414 2223 474 2255 22.
517 2221 556 2263 γ)
581 2221 694 2254 addito
714 2222 806 2262 fine.-
837 2221 883 2256 sit
906 2223 1060 2266 exempli
1083 2225 1192 2268 gratia
1210 2226 1392 2270 proposita
1417 2240 1438 2263 a
1461 2241 1531 2265 no-

67 2267 123 2301 bis
151 2265 418 2307 controversia,
447 2275 537 2309 quae
559 2273 621 2298 etc.
646 2267 687 2308 5,
713 2269 775 2308 10,
801 2269 877 2301 110.
912 2279 971 2301 ree
996 2269 1149 2313 proponi
1173 2269 1326 2317 singulas
1354 2274 1407 2307 ad
1428 2275 1532 2319 juvo.

66 2323 151 2346 num
174 2312 280 2344 talem
305 2310 601 2345 exercitationem
618 2311 661 2351 6.
684 2313 727 2354 3,
755 2312 808 2347 15.
847 2312 891 2346 in
917 2315 1120 2357 exemplum
1152 2315 1292 2350 dicendi
1322 2317 1532 2357 facundissi-

66 2368 162 2390 mum
192 2366 366 2400 quemque
392 2362 566 2400 proponet
598 2355 665 2390 sibi
698 2358 752 2390 ad
784 2357 988 2392 imitandum
1011 2362 1077 2401 12,
1101 2363 1142 2402 2,
1164 2363 1222 2396 27.
1269 2361 1315 2404 qs.
1343 2368 1384 2409 7,
1409 2368 1443 2409 ι,
1470 2367 1531 2402 41,

68 2402 96 2436 ii
117 2412 268 2442 versus,
290 2401 350 2445 qui
377 2402 420 2435 ad
443 2401 671 2436 imitationem
695 2402 872 2437 scribendi
896 2411 1139 2447 proponentur
1162 2410 1200 2448 1,
1228 2410 1268 2450 1,
1294 2410 1349 2444 35.
1396 2412 1456 2452 Π)
1477 2415 1530 2448 di-

68 2448 182 2490 cendo.
229 2448 277 2488 ε)
306 2446 380 2480 cui
405 2446 536 2489 tribus,
563 2458 649 2490 quas
669 2448 857 2492 proposui.
891 2449 1001 2483 literis
1023 2450 1243 2486 enuntiamus
1267 2455 1310 2496 1,
1333 2458 1377 2498 7,
1399 2459 1458 2493 27,
1480 2470 1532 2494 ex

67 2492 137 2534 hin,
158 2502 248 2536 quae
270 2491 514 2536 proposuimus
534 2492 733 2536 (δικ-καί)
757 2493 851 2527 aliud
875 2494 912 2527 in
939 2495 1012 2528 alio·
1034 2507 1165 2541 genere
1192 2508 1318 2534 causae
1339 2503 1454 2545 palam
1474 2512 1530 2539 mr

68 2536 106 2580 4,
130 2540 166 2580 1,
187 2538 246 2572 39.
267 2538 314 2572 N.
336 2538 432 2582 quod
443 2536 697 2581 proposuerim,
721 2549 798 2572 eam
816 2538 1081 2584 (narrationem),
1106 2553 1195 2586 quae
1215 2542 1262 2578 sit
1282 2550 1356 2580 tota
1378 2559 1444 2592 pro
1461 2561 1529 2584 no·-

70 2583 147 2625 bis,
169 2583 299 2617 debere
324 2594 402 2617 esse
426 2582 652 2618 verisimilem
673 2583 711 2623 4,
735 2587 777 2627 2,
800 2583 857 2619 34.
890 2585 949 2619 hic
984 2593 1058 2620 erat
1088 2588 1288 2632 propositus
1320 2603 1342 2625 a
1366 2594 1469 2629 nobis
1492 2596 1530 2630 in

43 2653 46 2659 .
72 2627 247 2662 divisione
270 2627 371 2662 locus
394 2627 517 2662 tertius
546 2630 600 2670 12,
629 2631 684 2671 10,
709 2632 740 2662 1.
768 2630 958 2673 propositis
984 2631 1152 2676 plurimis,
1175 2645 1266 2678 quae
1281 2637 1431 2674 honeste
1448 2652 1529 2675 sua-

74 2673 150 2708 deri
164 2679 307 2718 possent
328 2676 362 2715 3,
384 2675 419 2716 8,
441 2673 498 2707 42.
526 2672 569 2717 β)
592 2677 801 2717 peculiariter
817 2678 849 2709 in
869 2679 986 2711 causis.
1013 2679 1047 2719 a)
1066 2676 1273 2723 proponere*
1288 2690 1349 2721 etc,
1376 2687 1535 2721 sermoni
