1728 3002
199 202 284 241 460
788 201 934 260 Itaque
963 229 1018 237 --
1047 203 1130 247 lter

246 315 282 350 si
297 320 372 349 cut
395 320 524 348 ornent
548 314 745 352 orationem
764 335 810 342 -—
833 317 895 352 ita
918 317 1154 364 ineptissimas
1178 331 1257 356 esse
1279 322 1314 365 9,
1328 324 1373 367 ³,
1398 325 1476 358 100.
1529 321 1568 367 ὃ)
1591 337 1659 370 seq.

245 375 272 396 c.
303 362 395 403 Conj.
445 359 482 403 a)
508 362 581 394 Ita
608 373 694 408 ergo
718 362 786 398 fuit
810 364 912 400 nobis
938 367 1131 413 agendum,
1154 372 1203 400 ut
1225 367 1361 411 judices
1378 369 1466 404 illud
1486 369 1687 417 intelligere

242 408 393 449 factum,
420 407 595 440 delatores
622 420 695 443 non
721 417 866 452 possent
888 413 1154 456 apprehendere
1176 419 1223 446 ut
1249 414 1382 448 dictum
1403 416 1439 458 9,
1464 418 1500 459 2,
1518 415 1576 450 74.
1599 415 1645 457 cf.
1670 420 1690 451 1

244 457 290 497 3,
319 456 395 486 131.
437 453 580 487 mentiri
603 455 847 499 hyperbolen,
879 468 964 492 nec
997 458 1090 501 ita,
1126 464 1178 492 ut
1204 460 1392 495 mendacio
1415 461 1540 498 fallere
1573 462 1664 498 velit

243 500 279 541 6,
310 498 366 533 74.
397 497 441 540 cf.
467 499 512 541 6,
536 503 576 542 2,
607 503 659 534 12.
694 504 754 545 11,
780 505 821 546 1,
850 503 906 538 56.
962 505 1033 538 Ita
1059 511 1108 538 ut
1131 502 1227 542 le'nia
1249 507 1403 550 spatium
1426 514 1488 542 etc.
1515 514 1668 552 poscant

244 545 280 587 4,
309 547 383 579 131.
409 544 454 585 cs.
479 548 544 588 10,
571 549 611 589 1,
638 550 692 580 11.
725 559 806 582 nam
828 547 891 583 ita
914 550 1008 584 sorte
1033 551 1208 585 accidit
1230 572 1277 578 —
1302 558 1353 587 ut
1376 552 1482 587 simili
1502 551 1577 588 icl‘u
1599 555 1689 588 ferir

242 593 278 634 6,
303 593 360 644 l{r.
386 593 421 625 3.
470 590 510 634 b)
536 595 558 625 i.
576 605 608 637 q.
634 595 761 628 adeo.-
801 595 900 641 Quae
925 595 1130 639 (translatio)
1155 597 1296 642 quidem
1322 610 1403 633 cum
1426 599 1494 633 ita
1518 605 1572 634 est
1592 601 1636 634 ab
1653 600 1690 644 ip

243 639 348 671 nobis
380 648 551 671 concessa
587 645 729 682 natura,
762 647 812 674 ut
839 641 975 676 indocti
1000 654 1143 687 quoque
1169 651 1230 678 etc.
1272 655 1315 679 ea
1335 646 1544 690 frequenter
1565 651 1677 680 utanti

242 689 318 717 ium
342 684 408 716 ita
432 684 636 728 jucunda
660 692 764 731 atque
788 687 966 731 nitida,
1001 695 1047 722 ut
1069 689 1107 724 in
1130 689 1291 725 oratione
1313 711 1360 717 —
1384 689 1523 726 eluceat
1547 692 1593 735 8,
1616 693 1663 735 6,

242 729 310 763 ita
335 731 477 780 longe
503 731 617 775 abest,
643 738 683 766 ut
701 740 761 766 etc.
780 736 836 777 10,
857 736 891 776 1,
909 737 987 769 113.
1022 746 1093 779 quo
1118 735 1184 770 ita
1207 747 1377 772 severe
1400 743 1481 772 sunt
1503 737 1560 771 usi
1586 743 1690 772 veter

241 776 480 822 grammatici,
505 783 552 811 ut
576 785 636 812 etc.
663 782 695 821 1,
711 778 746 822 4,
765 782 798 814 3.
834 791 891 814 me
913 781 1058 815 fortuna
1084 781 1148 815 ita
1174 782 1334 817 subito
1358 783 1574 827 prostravit,
1597 789 1649 816 ut
1669 791 1700 818 et

239 824 275 866 6,
299 824 356 856 Pr.
382 826 415 855 2.
447 827 530 855 sunt
553 826 725 868 quaedam
749 825 882 872 figurae
906 826 967 860 ita
989 833 1178 872 receptae,
1215 834 1266 862 ut
1293 840 1405 873 paene
1427 829 1496 873 jam
1519 830 1590 863 hoc
1612 829 1667 872 ips
1700 835 1703 839 “

238 880 371 903 nomen
396 869 583 914 effugerint
605 871 640 913 9,
668 873 701 914 3,
725 870 760 905 4.
799 871 862 906 ita
885 873 1021 919 legibus
1045 874 1164 907 sullae
1191 876 1384 909 cohaerere
1409 880 1536 909 statum
1561 872 1670 910 civita
1687 875 1695 882 “

239 921 289 949 ut
311 915 366 948 his
394 915 520 950 solutis
546 925 638 950 stare
668 928 741 951 non
764 924 884 961 posset
910 922 970 961 11,
1001 921 1034 962 1,
1059 920 1114 954 85.
1144 919 1188 961 os.
1213 922 1248 964 6,
1277 924 1310 964 1,
1333 922 1392 956 31.
1427 921 1462 964 6,
1486 923 1522 963 2,
1543 923 1600 955 30.
1635 922 1669 964 8,

239 962 296 996 63.
333 963 388 1003 12,
414 964 449 1004 7,
476 965 508 995 1.
535 975 568 996 υ.
593 964 715 996 Tam.
772 965 876 1010 Quod
902 965 1018 1009 ipsum
1040 966 1106 1000 ita
1132 965 1210 1000 fieri
1251 972 1412 1011 oportet,
1443 977 1555 1009 non,
1585 972 1634 1000 ut
1667 967 1690 1000 tl

240 1019 383 1042 mnasse
403 1019 463 1041 eas
486 1009 725 1052 (quaesiiones)
749 1011 955 1053 videamur,
980 1013 1042 1046 sed
1066 1012 1228 1046 omisisse
1254 1016 1289 1055 7,
1315 1016 1350 1056 1,
1378 1014 1433 1048 19.
1454 1013 1667 1059 longiorem.

239 1054 349 1088 cturis
371 1054 557 1097 periodum
582 1056 802 1102 colligendus
828 1063 882 1092 est
905 1057 1068 1101 spiritus,
1096 1058 1157 1092 ita
1186 1063 1352 1101 tamen,
1379 1064 1428 1093 ut
1451 1058 1489 1092 id
1511 1070 1630 1103 neque
1653 1059 1690 1092 di

236 1111 355 1144 neque
389 1110 469 1133 cum
501 1111 592 1134 sono
620 1102 791 1136 faciamus
818 1106 883 1146 11,
910 1105 954 1147 3,
980 1105 1047 1146 533
1083 1110 1123 1137 ut
1146 1104 1214 1138 ita
1249 1104 1392 1139 sudario
1421 1105 1578 1139 frontem
1603 1104 1711 1146 sicca,

238 1147 396 1188 iuberet,
420 1157 471 1180 ne
498 1158 621 1181 comae
646 1150 871 1183 turbarentur
894 1152 936 1185 ib.
962 1150 1029 1184 148
1054 1162 1086 1184 v.
1109 1151 1184 1193 Ne.

191 1189 351 1247 llaque·
412 1202 440 1246 Ι)
477 1207 509 1237 in
540 1207 652 1239 initio:
703 1207 744 1246 α)
782 1209 955 1239 transitum
974 1200 1084 1248 facit:
1119 1209 1242 1252 Itaque
1265 1208 1356 1241 haec
1382 1206 1482 1254 elligi
1509 1207 1550 1250 6,
1575 1208 1618 1249 3,
1647 1209 1693 1242 10

239 1250 283 1283 It·
315 1251 483 1282 accedam
511 1249 548 1283 in
582 1251 762 1295 plerisque
796 1252 961 1286 Ciceroni
994 1255 1039 1295 9,
1065 1251 1105 1295 4,
1131 1257 1162 1287 2.
1187 1255 1348 1297 ltaque
1373 1258 1417 1287 et
1440 1260 1567 1288 versus
1592 1252 1630 1287 hi
1653 1254 1707 1287 fe'

237 1295 410 1329 excidunt
433 1298 475 1330 ib.
501 1297 557 1330 76.
585 1296 630 1338 cf.
654 1299 687 1339 5,
715 1300 771 1341 10,
796 1300 853 1333 58.
890 1301 933 1340 5,
961 1301 1015 1341 13,
1040 1300 1096 1336 38.
1131 1302 1187 1341 11,
1214 1302 1247 1341 1,
1271 1301 1327 1334 85.
1364 1301 1419 1342 12,
1447 1302 1503 1342 10,
1527 1300 1584 1334 51.
1641 1300 1679 1332 lt

236 1353 346 1386 que,
373 1347 421 1375 ut
446 1343 620 1376 confiteor
646 1363 693 1368 -
717 1344 784 1377 ita
807 1350 892 1387 puto
916 1347 957 1387 9,
981 1346 1024 1386 4,
1053 1345 1107 1379 16.
1134 1345 1179 1386 ef.
1205 1348 1267 1386 12,
1291 1346 1326 1387 7,
1350 1347 1384 1378 3.
1441 1343 1484 1389 β)
1532 1347 1558 1380 ἰ.
1583 1357 1615 1388 ‹1-
1648 1346 1700 1377 ha

237 1401 287 1421 ex
314 1400 414 1420 caus
427 1400 468 1421 a.-
507 1388 630 1432 ltaque
653 1409 698 1415 -—-
722 1389 902 1424 difficilius
930 1397 983 1424 est
1006 1392 1045 1434 8,
1075 1392 1132 1426 Pr.
1158 1392 1190 1425 5.
1237 1392 1278 1423 lt.
1303 1391 1383 1425 vult
1409 1399 1509 1431 esse,
1538 1390 1689 1423 auctorit

234 1439 308 1467 tem
335 1433 371 1466 in
395 1434 517 1468 verbis
538 1442 599 1470 etc.
623 1437 658 1478 8,
679 1438 712 1478 3,
731 1436 788 1470 43.
834 1436 876 1470 lt.
902 1436 1025 1471 videas
1051 1442 1086 1470 et
1114 1435 1328 1470 divisionem
1354 1445 1420 1478 pro
1445 1435 1620 1475 sententia
1641 1445 1688 1479 po

235 1482 279 1521 8,
305 1482 343 1522 5,
369 1482 426 1513 30.
460 1480 579 1524 itaque
605 1480 655 1524 (a.
681 1486 702 1514 l.
729 1488 766 1515 et
796 1482 881 1525 itaq.
922 1486 968 1516 al.
1004 1487 1040 1515 et
1063 1480 1130 1523 ita)
1164 1486 1200 1514 et
1235 1481 1405 1514 dentes
1429 1481 1560 1514 albos
1594 1487 1656 1514 etc.
1689 1479 1699 1486 ”

233 1525 279 1559 iis
312 1537 385 1559 non
418 1527 718 1568 reprehendemus
755 1528 796 1567 8,
825 1528 868 1568 6,
892 1525 948 1560 40.
1006 1527 1058 1562 lt.
1086 1525 1284 1570 propositio
1316 1537 1496 1570 quoque
1530 1528 1688 1560 secunda

233 1572 326 1604 hanc
353 1570 536 1604 utilitatem
560 1572 885 1605 accommodabitur
908 1574 942 1614 5,
969 1573 1024 1610 13,
1049 1574 1104 1606 13.
1131 1571 1175 1613 cs.
1201 1574 1236 1615 8,
1260 1574 1294 1614 3,
1315 1573 1373 1607 61.
1403 1573 1459 1610 10.
1485 1574 1519 1615 1,
1542 1572 1599 1607 85.
1628 1575 1662 1616 9,

259 1620 293 1650 2.
324 1618 358 1658 9,
384 1619 418 1657 2,
443 1619 499 1650 79.
528 1617 563 1658 9,
587 1619 622 1660 3,
649 1620 681 1650 1.
721 1621 776 1659 11,
803 1621 835 1660 1,
859 1618 915 1652 62.
969 1617 1019 1660 ll)
1044 1621 1278 1660 postpositum.-
1311 1617 1465 1661 primum
1487 1618 1607 1662 itaque
1631 1619 1665 1661 6,

234 1664 292 1697 28.
319 1662 365 1703 cf.
391 1662 424 1704 5,
450 1664 506 1705 10,
531 1663 590 1698 57.
641 1664 722 1697 Hoc
745 1663 783 1696 it.
806 1663 960 1697 maxime
985 1665 1134 1696 docetur
1155 1665 1189 1706 8,
1212 1665 1269 1698 Pr.
1298 1665 1353 1697 16.
1388 1662 1516 1697 accidit
1541 1664 1579 1698 it.
1607 1665 1662 1706 10,

234 1710 268 1743 3.
303 1714 485 1742 assecutus
509 1714 563 1742 est
585 1708 624 1742 it.
653 1712 708 1751 11,
737 1712 769 1751 1,
796 1711 853 1744 85.
893 1719 965 1742 non
990 1710 1099 1755 longe
1124 1709 1164 1743 it.
1191 1713 1225 1752 1,
1253 1714 1284 1751 1,
1311 1706 1371 1743 14.
1394 1707 1439 1750 cs.
1461 1710 1497 1752 8,
1522 1711 1557 1751 3,
1581 1711 1638 1743 20.
1666 1710 1707 1743 11

235 1757 269 1797 1,
295 1756 360 1797 63;
397 1754 513 1800 Eligat
535 1754 572 1787 it.
597 1755 730 1798 peritus
754 1761 967 1799 praeceptor
991 1756 1026 1798 8,
1052 1757 1108 1788 Pi·-
1135 1757 1167 1790 3.
1193 1755 1237 1797 cf.
1261 1757 1297 1798 8,
1320 1753 1355 1798 4,
1382 1757 1426 1788 12
1440 1758 1484 1789 Ζ.
1507 1753 1685 1799 [audendu

233 1800 273 1835 it.
302 1802 336 1844 8,
362 1803 397 1842 3,
421 1803 484 1842 353
517 1812 583 1844 per
606 1811 729 1834 omnes
754 1802 900 1834 affectus
925 1806 1092 1835 tractatus
1118 1801 1177 1835 hic
1201 1801 1363 1845 itaque
1386 1797 1538 1842 (dubiiam
1561 1808 1593 1836 et
1615 1802 1706 1834 incre

235 1848 333 1880 dibile
351 1851 393 1880 Z.
421 1847 537 1891 conjic.
565 1847 636 1880 huc
662 1846 780 1891 atque)
803 1847 887 1881 illuc
912 1853 1081 1892 sequetur
1105 1850 1161 1890 12,
1186 1849 1241 1890 10,
1266 1847 1312 1882 62
1325 1844 1378 1891 S.]

188 1889 309 1933 Item·
360 1902 402 1946 α)
430 1904 530 1946 cujus
556 1903 781 1949 'adversarius
806 1904 891 1937 item
917 1915 1008 1948 puer
1030 1905 1064 1947 6,
1093 1907 1124 1947 1,
1149 1894 1205 1938 4¹7.
1238 1903 1279 1938 it.
1307 1908 1428 1937 cetera
1450 1905 1485 1946 3,
1502 1903 1538 1947 6,
1554 1906 1612 1938 77.
1657 1902 1704 1936 Hi

233 1950 335 1994 plura
358 1949 622 1995 intelliguntur:
648 1961 721 1983 uno
749 1952 857 1984 modo
882 1962 1017 1984 summa
1045 1950 1230 1994 quaestio,
1267 1948 1377 1984 item
1400 1953 1447 1982 ut
1471 1954 1581 1982 status
1605 1951 1638 1991 3,
1668 1952 1705 1983 11

233 1996 293 2029 27.
340 1995 512 2030 Periodos
542 2002 622 2039 apta
651 1996 845 2040 prooemiis
869 1997 1042 2040 majorum
1071 2007 1253 2030 causarum
1273 2012 1344 2032 --.
1390 1995 1500 2028 Item
1525 1994 1704 2028 communi

229 2042 297 2076 bus
321 2042 411 2075 locis
439 2048 474 2076 et
497 2042 534 2075 in
560 2043 657 2076 omni
683 2042 952 2086 amplificatione
976 2044 1020 2084 9,
1045 2041 1087 2086 4,
1115 2043 1190 2076 128.
1245 2040 1351 2074 Item
1382 2039 1617 2074 correctionis
1651 2052 1702 2075 ea

233 2089 330 2122 dem
353 2088 444 2122 ratio
469 2094 523 2122 est
555 2091 599 2131 9,
625 2091 668 2131 3,
693 2090 750 2123 88.
809 2091 895 2122 ltem
926 2088 1065 2131 omnia,
1099 2089 1143 2120 de
1176 2085 1302 2131 quibus
1335 2085 1523 2119 dicendum
1556 2092 1631 2129 est,
1663 2098 1707 2120 au

233 2140 331 2167 certa
360 2134 430 2167 sint
457 2146 606 2168 necesse
634 2140 708 2178 est,
738 2139 797 2168 aut
824 2133 929 2168 dubia
953 2136 986 2176 3,
1009 2133 1043 2177 4,
1068 2135 1100 2168 8.
1127 2132 1169 2174 qs.
1194 2135 1229 2174 2,
1255 2135 1310 2174 17,
1336 2134 1393 2165 20.
1418 2132 1454 2175 6,
1478 2133 1512 2175 3,
1537 2133 1593 2167 25.
1627 2133 1662 2174 8,
1688 2136 1696 2148 ¹

233 2182 276 2222 33
311 2183 333 2214 i.
351 2193 382 2224 q.
409 2193 561 2224 porro.-
594 2180 702 2224 Item,
729 2181 934 2214 consessum
958 2185 1012 2214 est
1035 2191 1082 2214 ex
1105 2185 1254 2222 utraque
1276 2183 1376 2221 parte
1396 2177 1470 2219 jus,
1501 2183 1562 2211 aut
1575 2178 1684 2211 ‘dubiu
1712 2178 1723 2190 ’·

231 2228 266 2270 ¹7,
292 2227 326 2269 7,
352 2230 387 2260 7.
413 2225 458 2267 cs.
484 2228 517 2268 7,
543 2225 576 2269 4,
602 2228 658 2261 23.
712 2227 753 2270 β)
781 2229 989 2271 itemque:
1015 2227 1220 2268 Itemque
1245 2223 1289 2255 de
1315 2224 1560 2267 quaestionum
1584 2221 1728 2257 ordine¹

233 2284 316 2306 cum
342 2280 401 2305 eie.
430 2275 470 2312 2,
497 2274 559 2315 13,
584 2273 619 2306 6.
666 2274 825 2316 Itemque
852 2282 991 2316 paeon,
1029 2271 1088 2315 qui
1113 2277 1172 2306 etc.
1202 2272 1242 2312 9,
1266 2267 1306 2311 4,
1331 2271 1389 2304 96.
1447 2268 1572 2313 Itemq.
1599 2269 1641 2303 ab
1664 2239 1728 2323 ³5⁸³

233 2319 295 2362 qui
319 2319 482 2352 sedentes
507 2323 622 2364 agent.
649 2320 705 2360 11,
730 2320 763 2360 3,
790 2317 867 2352 134.
893 2317 937 2359 cf.
965 2320 997 2359 1,
1022 2318 1057 2358 5,
1084 2317 1139 2349 26.
1163 2313 1220 2348 45.
1250 2317 1283 2356 5,
1304 2314 1359 2358 14,
1386 2315 1439 2349 16.
1467 2316 1502 2356 9,
1518 2313 1553 2357 4,
1578 2317 1633 2349 90.
1662 2318 1700 2348 11
1724 2330 1728 2337 Δ

233 2366 276 2406 3,
300 2366 358 2398 32.
387 2365 542 2408 itemque
567 2363 618 2407 (a.
635 2368 656 2397 Ζ.
683 2363 767 2397 item
793 2367 837 2398 al.
861 2363 994 2407 itaque)
1030 2362 1152 2396 eadem
1186 2361 1299 2407 figura
1327 2360 1396 2394 dici
1424 2360 1616 2403 cursitare,
1651 2338 1728 2414 quiq

231 2409 393 2443 lectitare
416 2411 451 2452 9,
479 2413 511 2452 1,
537 2413 595 2443 12.
621 2409 665 2451 cs.
695 2413 726 2450 1,
751 2410 786 2452 7,
808 2410 829 2444 5
850 2413 915 2452 Z.‚·
940 2408 1049 2442 item
1077 2408 1172 2451 quod
1200 2419 1220 2440 a
1245 2406 1422 2440 defunctis
1443 2426 1490 2432 ——
1513 2406 1728 2454 itemque,

232 2457 274 2488 ab
301 2467 365 2499 eo,
391 2456 451 2489 cui
474 2455 569 2489 idem
596 2455 781 2499 expediet,
805 2453 952 2499 (dicitur)
979 2453 1014 2496 4,
1037 2456 1072 2496 2,
1098 2454 1156 2488 93.
1182 2465 1215 2487 υ.
1241 2452 1426 2487 Itidem.
1620 2490 1622 2492 ¹
1714 2455 1728 2502 ἶ

184 2510 285 2552 Iler·
335 2524 364 2566 1)
388 2537 436 2567 pr
449 2523 518 2565 ose
528 2526 635 2559 ctio.-
670 2517 747 2557 It'er'
766 2522 1052 2566 pulverulentum
1075 2520 1184 2555 facit:
1215 2522 1277 2554 sed
1300 2531 1418 2564 neque
1441 2519 1511 2554 iter
1532 2519 1728 2566 pulverem!

230 2575 373 2611 movet;
403 2581 470 2603 nec
495 2570 654 2614 quisquis
679 2575 732 2603 est
755 2568 1047 2612 pulverulentus,
1072 2578 1127 2601 ex
1151 2567 1324 2601 itinere
1351 2571 1404 2599 est
1428 2565 1471 2608 5,
1497 2566 1559 2606 10,
1583 2565 1640 2598 81.
1679 2563 1728 2601 ini

230 2612 357 2647 itinere
384 2618 438 2656 10,
457 2617 492 2657 3,
517 2618 572 2650 30.
606 2617 715 2662 longo
740 2614 866 2648 itinere
891 2614 1042 2647 deducta
1065 2611 1258 2656 (animalia)
1287 2615 1342 2655 11,
1359 2614 1394 2652 2,
1417 2611 1450 2645 6.
1483 2610 1521 2643 in
1543 2609 1588 2643 it.
1607 2610 1728 2655 10ηὲοἺ

170 2677 175 2686 .
230 2660 275 2691 ib.
300 2662 366 2700 213
393 2660 420 2692 si
440 2660 590 2695 militare
611 2661 679 2695 iter
705 2660 857 2705 imperes
877 2661 981 2701 11,3,
993 2660 1049 2694 26.
1077 2659 1128 2702 ΙΙ)
1148 2661 1171 2692 i.
1189 2672 1222 2703 q.
1249 2660 1338 2691 via.-
1376 2655 1445 2690 iter
1465 2665 1651 2689 amoenum
1673 2662 1728 2688 ac'

233 2704 342 2738 molle
365 2703 399 2746 4,
424 2707 458 2746 2,
485 2704 542 2740 46.
590 2706 629 2740 it.
652 2718 770 2751 neque
797 2704 1009 2749 impervium
1031 2715 1149 2748 neque
1173 2705 1297 2737 saltem
1318 2703 1444 2736 durum
1470 2704 1532 2744 12,
1568 2703 1630 2743 11,
1661 2703 1728 2738 1123

234 2754 379 2782 stratum
406 2749 547 2783 militari
571 2753 695 2786 labore
722 2753 769 2786 it.
802 2762 908 2796 saepe
935 2750 1151 2793 deserimus,
1179 2747 1452 2791 compendio
1481 2747 1577 2782 ducti
1598 2749 1634 2788 2,
1661 2747 1728 2787 13,ι

236 2795 299 2838 16;
344 2796 589 2841 qualecunque
621 2798 772 2845 ingressi
808 2803 890 2833 sunt
913 2797 952 2834 it.
977 2799 1010 2842 3,
1036 2800 1069 2841 1,
1093 2797 1126 2834 6.
1155 2792 1348 2831 obsidenda
1371 2793 1498 2829 itinera
1521 2795 1555 2835 7,
1581 2793 1637 2835 10,
1665 2790 1728 2826 13.’

1707 2904 1728 2936 ιε
