1728 3002
200 253 283 292 674
751 248 981 293 Postumus
1008 272 1065 283 --
1101 249 1260 294 Potens

248 364 340 399 ratio
367 367 421 407 10,
446 366 479 407 1,
510 365 566 398 17.
596 362 642 406 cs.
668 365 725 398 Pr.
747 366 806 399 23.
854 364 990 400 etiamsi
1013 375 1143 400 causae
1176 364 1370 401 necessitas
1396 368 1551 411 postulat
1579 368 1617 412 8,
1639 371 1674 409 2,
1697 370 1728 409 2.

247 413 361 446 serius
386 422 489 454 (piam
514 410 605 444 ratio
632 416 723 455 post.
749 413 783 453 2,
809 413 842 455 1,
868 415 901 445 1.
946 418 984 445 ut
1007 412 1106 456 ipsae
1132 423 1191 446 res
1215 413 1443 457 postulabunt
1463 416 1499 457 2,
1521 414 1557 456 6,
1578 413 1614 450 4.
1653 425 1728 448 cum

247 470 306 492 res
349 457 564 500 postulat
599 463 659 490 aut
709 463 807 491 certe
859 458 1100 502 permittit
1136 457 1183 501 4,
1230 460 1274 502 3,
1323 458 1361 492 4.
1414 465 1454 493 ut
1492 470 1619 495 sensus
1657 461 1728 504 ejus

247 502 439 549 postulabit
453 505 487 546 9,
511 502 545 545 4,
572 505 650 537 132.
674 503 812 537 faciunt
826 504 1093 548 probationibus
1114 504 1243 539 nostris
1262 505 1507 541 auctoritatem
1524 508 1728 550 postulando

248 552 284 592 6,
310 549 345 591 4,
373 552 427 583 17.
476 549 519 593 ρ’)
545 563 573 583 c.
605 553 792 584 Accusan:
836 556 969 584 certam
1002 550 1172 584 creditam
1208 551 1366 595 periodis
1398 553 1597 596 postulasse
1627 553 1664 595 8,
1700 555 1728 596 3,

250 595 303 630 14.
330 595 549 629 curationem
575 596 751 629 bonorum
778 597 886 640 patris
914 597 1105 641 postulabit
1127 600 1182 638 11,
1210 598 1244 639 1,
1276 599 1332 632 58.
1379 608 1454 632 non
1489 600 1613 643 utique
1640 599 1728 632 hun(

246 644 406 676 laborem
431 641 635 676 docentium
659 644 813 686 postulo,
839 649 877 677 ut
900 649 962 677 etc.
987 647 1022 684 2,
1051 645 1085 685 5,
1109 645 1141 678 5.
1189 643 1302 689 judex
1334 644 1461 678 tacitus
1496 644 1728 680 reverentiam

247 689 404 734 postulat
429 686 464 730 4,
491 691 523 730 1,
553 688 619 731 55;
651 688 706 722 his
734 688 910 723 contraria
927 688 1206 724 summissiorem
1232 691 1363 734 quenti.
1388 692 1534 725 modum
1558 691 1728 735 postulant

246 739 280 777 3,
305 736 339 777 S,
361 733 417 768 45.
464 734 608 768 auribus
637 735 782 768 nitidius
807 735 941 781 aliquid
964 735 1223 779 postulantibus
1250 739 1304 778 12,
1331 739 1388 778 10,
1419 735 1478 771 45.
1524 737 1610 781 quid
1639 737 1728 781 quis-

247 780 378 826 quein
402 782 537 814 orando
561 783 716 824 postulet
744 782 866 824 locus,
900 782 984 826 quid
1017 793 1189 826 persona,
1228 781 1314 826 quid
1345 788 1482 827 tempus
1515 784 1550 825 9,
1585 784 1620 826 3,
1656 785 1728 816 102.

245 837 359 873 pauca
372 853 383 870 ,
420 838 510 870 (luae
534 828 734 870 postulabat
757 827 903 862 materia
917 830 952 871 6,
971 831 1007 872 2,
1024 832 1056 862 2.
1082 827 1244 871 μιιειιϊειίίο
1265 828 1378 875 magis
1396 830 1568 872 prolatam
1591 839 1728 862 manum

247 883 308 908 etc.
333 873 622 917 frequentissime
650 874 842 918 postulabit
865 877 922 917 11,
954 876 990 917 3,
1018 876 1097 913 162.
1125 874 1247 908 omnia
1270 885 1361 919 quae
1384 886 1442 909 res
1465 875 1622 919 postulat
1642 877 1678 917 3,
1702 876 1728 908 3.

240 925 279 955 2.
305 931 377 954 non
402 919 647 954 fortitudinem
673 922 824 963 postulat
841 931 900 954 res
924 921 1001 954 ead.
1030 924 1066 964 2,
1096 923 1154 963 20,
1186 921 1221 955 8.
1265 920 1472 966 ubicunque
1504 921 1563 956 vis
1598 919 1728 974 ingenii

245 973 280 1001 et
304 966 408 1010 copia
432 966 574 999 dicendi
610 968 810 1010 postulatur
844 968 901 1000 Pr.
939 969 993 1001 13.
1039 970 1079 1012 y)
1107 979 1175 1012 seq.
1207 973 1274 1000 ut.-
1319 977 1401 1000 cnm
1439 978 1461 1001 a
1499 978 1558 1000 me
1593 967 1728 1011 quidam

242 1012 465 1046 familiariter
487 1014 720 1056 postularent,
744 1019 792 1047 ut
816 1012 949 1057 aliquid
977 1014 1022 1047 de
1052 1012 1191 1047 ratione
1221 1011 1363 1047 dicendi
1396 1023 1649 1057 componerem
1676 1013 1728 1047 Pr.

243 1062 276 1093 1.
314 1060 360 1101 ll)
389 1062 422 1091 in
449 1062 569 1091 causis.
595 1057 636 1101 α)
662 1062 687 1096 ι’.
713 1072 745 1104 q.
776 1070 967 1093 accusem
993 1070 1066 1093 non
1090 1059 1183 1093 enim
1207 1059 1302 1102 justa
1324 1070 1372 1093 ex
1397 1070 1504 1094 cansa
1525 1060 1587 1094 vel
1609 1069 1728 1102 neces-

242 1106 334 1139 saria
362 1104 478 1140 videri
504 1111 623 1148 potest
647 1107 847 1150 postulasse
871 1117 952 1139 eum
984 1106 1039 1148 11,
1067 1109 1098 1148 1,
1123 1108 1180 1140 57.
1206 1110 1266 1148 ut,
1302 1117 1371 1155 qna
1397 1105 1548 1151 quisque
1570 1116 1627 1150 ap.
1652 1116 1728 1139 eum

242 1152 363 1197 lingua
388 1153 705 1195 postulasset,
742 1153 820 1186 ead.
847 1153 918 1195 jus
941 1151 1008 1185 sibi
1032 1151 1271 1186 redditum
1293 1151 1459 1186 ferret
1494 1152 1556 1195 11,
1589 1153 1633 1194 2,
1667 1153 1728 1194 5οῑ

243 1199 321 1242 quis
347 1203 382 1231 et
407 1209 512 1241 quem
540 1199 752 1241 postulet
776 1204 836 1231 aut
861 1199 1045 1232 offerat
1069 1198 1140 1242 (ad
1162 1196 1346 1241 tormenta)
1381 1198 1415 1239 5,
1438 1196 1475 1240 4,
1511 1201 1546 1232 2.
1591 1196 1637 1242 β)
1663 1209 1728 1241 seq.

242 1251 306 1276 ui.-
344 1245 498 1287 postulo,
526 1250 573 1277 ut
596 1244 849 1289 praecipitetur
870 1243 1026 1287 incesta,
1062 1245 1126 1278 lex
1149 1249 1215 1278 est.
1240 1246 1277 1287 7,
1300 1245 1393 1284 8,,5.
1414 1243 1663 1289 postulandum
1687 1242 1728 1277 ab

242 1289 476 1331 adversariis,
510 1295 549 1322 ut
573 1291 615 1322 ad
642 1292 768 1334 quaed.
794 1291 1035 1334 respondeant
1057 1291 1092 1330 6,
1123 1293 1155 1333 1,
1183 1291 1218 1325 5.
1247 1289 1292 1331 ej}
1318 1291 1354 1333 9,
1378 1293 1412 1332 2,
1436 1291 1502 1332 893
1534 1301 1602 1335 seq.
1631 1291 1682 1324 Co
1692 1302 1728 1321 n-

235 1336 398 1380 junct..·
435 1336 686 1379 postulandum
711 1342 781 1376 est,
816 1337 940 1370 nescio
965 1336 1049 1380 quid
1073 1335 1182 1378 illud,
1218 1336 1315 1380 quod
1349 1334 1545 1371 adversarii
1579 1333 1728 1378 obliquiu

240 1379 425 1415 sententiis
448 1380 648 1427 significare
670 1381 871 1432 voluerint,
903 1381 932 1414 si
966 1381 1096 1414 fiducia
1130 1382 1194 1424 sit,
1227 1381 1467 1424 objiciant
1500 1382 1639 1424 palam:
1673 1385 1728 1414 aut

238 1433 335 1461 certe
361 1437 432 1460 non
456 1426 675 1472 exigant,
711 1433 750 1460 ut
775 1434 835 1461 etc.
864 1428 899 1469 9,
937 1430 973 1470 2,
1009 1426 1075 1470 94;
1110 1439 1180 1472 seq.
1212 1429 1298 1461 Ace.
1324 1439 1355 1462 ο.
1386 1425 1477 1469 Ins..-
1502 1435 1594 1471 quae
1615 1425 1688 1460 sibi
1710 1435 1728 1460 a

235 1472 354 1517 judice
377 1472 476 1506 credi
499 1474 739 1516 postulaturus
763 1478 817 1507 est
847 1475 903 1517 12,
925 1474 961 1517 3,
988 1474 1025 1507 2.

189 1529 432 1570 Postumus.
478 1544 522 1583 7,
545 1540 591 1584 6,
614 1540 651 1576 9.

189 1597 376 1689 Ροεῐζὶῐὶῡέ
409 1609 601 1690 31ιρέἑρτυα
625 1620 675 1644 ex
698 1608 881 1654 potatione
907 1608 964 1654 (a.
989 1611 1011 1643 1.
1039 1620 1103 1645 om.
1131 1617 1194 1652 ex,
1218 1611 1264 1642 al.
1292 1606 1514 1652 epotatione)
1540 1607 1728 1643 oscitantes

274 1668 324 1688 ic.
379 1681 387 1697 ,
434 1681 443 1698 ,
523 1677 532 1688 .

191 1713 359 1753 Potens·
407 1720 450 1766 α)
474 1723 598 1756 Posit..·
634 1722 677 1767 ju
690 1728 783 1757 stus
813 1734 857 1756 an
881 1727 1055 1766 potens
1079 1721 1114 1766 5,
1140 1724 1195 1765 10,
1221 1721 1279 1757 28.
1301 1720 1578 1766 potentibus
1597 1726 1728 1756 contra

232 1768 430 1802 humiles
459 1769 666 1803 venditandi
691 1780 836 1813 operam
862 1780 961 1802 suam
987 1771 1041 1810 12,
1065 1771 1099 1809 7,
1131 1771 1152 1802 6
1177 1781 1209 1802 υ.
1245 1767 1463 1804 Humilis.
1494 1766 1525 1801 si
1550 1767 1655 1811 ‘pot-
1684 1778 1727 1802 se

232 1820 342 1849 vocet
365 1814 524 1848 infirm
539 1827 610 1848 um
634 1818 690 1855 11,
719 1819 749 1858 1,
777 1819 831 1849 21.
859 1826 879 1848 a
903 1819 1049 1858 potente
1067 1814 1213 1848 nimium
1232 1815 1268 1857 6,
1288 1817 1319 1856 1,
1341 1814 1397 1848 16.
1425 1825 1505 1848 cum
1522 1813 1727 1857 periculosa

231 1861 430 1905 potentium
455 1862 591 1895 offensa
615 1865 650 1904 2,
674 1864 731 1904 20,
755 1863 791 1897 8.
840 1873 873 1905 p.
900 1860 1035 1894 femina
1057 1861 1092 1902 6,
1116 1862 1151 1902 3,
1175 1861 1231 1895 85.
1257 1870 1432 1904 personae
1463 1871 1500 1904 p.
1532 1862 1567 1901 9,
1590 1862 1625 1902 2,
1651 1860 1723 1903 68;

233 1919 338 1951 quam
362 1913 435 1950 pot.
462 1907 740 1950 efficiendi,
779 1918 870 1952 quae
902 1907 1014 1946 velit,
1058 1906 1199 1949 (ingenii
1232 1906 1302 1947 vis)
1329 1909 1384 1948 12,
1421 1908 1477 1948 11,
1516 1907 1582 1947 1o;
1606 1915 1724 1949 neque

233 1954 317 1988 satis
342 1964 420 1986 esse
446 1965 487 1986 ea
512 1955 757 1997 (argumenta)
782 1958 893 1997 pot.,
933 1963 1024 1997 quae
1058 1963 1131 1986 non
1163 1957 1324 1996 putamus
1358 1950 1426 1996 ipsi
1459 1950 1724 1994 sufficere,

232 1999 291 2044 qui
318 1999 472 2033 diximus
497 2000 529 2042 5,
563 2003 619 2041 12,
642 2002 676 2034 8.
702 1999 744 2043 β)
775 2003 988 2043 Comparat..·
1021 2009 1101 2032 cum
1125 2004 1311 2032 accusator
1333 2009 1353 2031 a
1376 1998 1476 2041 jure,
1511 2005 1597 2042 quo
1621 1996 1726 2031 vide-

232 2047 336 2079 batur
365 2046 562 2088 potentior,
597 2046 757 2089 coeperit
781 2048 814 2087 7,
842 2049 874 2086 1,
901 2048 944 2087 23
978 2055 1137 2088 eaquae
1161 2050 1243 2077 sunt
1276 2043 1479 2088 potentiora
1513 2043 1571 2087 (in
1595 2041 1728 2087 causa)

230 2094 262 2131 3Χ
286 2093 321 2133 6,
348 2093 380 2125 8.
413 2092 455 2132 cjl
485 2095 538 2134 12,
564 2094 619 2134 10,
645 2091 701 2125 34.
747 2093 792 2124 ad
820 2090 1047 2124 afficiendum
1073 2092 1272 2134 potentiora
1302 2091 1337 2133 6,
1373 2092 1406 2131 1,
1436 2090 1494 2124 26.
1526 2088 1728 2136 corrigetur

231 2139 371 2181 palam,
407 2138 436 2171 si
462 2137 547 2182 quid
574 2138 610 2171 in
634 2139 866 2172 declamando
890 2137 1082 2181 discipulus
1106 2137 1296 2170 erraverit:
1342 2146 1415 2170 non
1452 2135 1632 2177 potentius
1654 2133 1727 2169 erit

231 2185 423 2218 emendare
450 2184 674 2218 orationem?
710 2187 746 2226 2,
770 2185 804 2226 5,
831 2184 886 2219 16.
933 2182 1108 2224 omnium,
1147 2193 1381 2226 quaecunque
1421 2181 1612 2223 docemus,
1651 2182 1723 2215 hoo

231 2236 309 2262 sunt
337 2232 498 2273 exempla
523 2236 596 2273 pot.
626 2230 731 2264 etiam
757 2228 865 2273 ipsis,
902 2240 992 2273 quae
1015 2229 1222 2271 traduntur,
1258 2229 1390 2261 artibus
1419 2229 1482 2270 to,
1501 2229 1558 2269 .1,
1590 2228 1647 2260 15.
1672 2225 1720 2267 ts.

230 2279 272 2309 ib.
299 2275 362 2317 343
397 2283 474 2309 utru
499 2278 558 2310 lex
582 2282 657 2319 pot.
686 2279 720 2318 7,
745 2279 780 2318 7,
813 2278 835 2309 7
871 2276 919 2309 N.
967 2275 1206 2318 potentiorem
1235 2275 1356 2307 facere
1389 2272 1546 2317 linguam
1582 2272 1658 2305 Lat.
1686 2273 1721 2316 1,

231 2324 265 2363 5,
292 2324 349 2355 60.
384 2321 500 2355 omnis
524 2322 701 2368 generalis
722 2320 883 2365 quaestio
912 2320 1056 2364 speciali
1079 2323 1152 2364 pot.
1180 2322 1235 2361 12,
1259 2322 1293 2362 2,
1321 2320 1363 2353 18
1391 2319 1438 2352 Ν.
1462 2317 1554 2351 ratio
1575 2329 1726 2361 expe-v

232 2369 253 2400 d
269 2368 389 2400 itior
413 2375 448 2402 et
472 2375 556 2412 pot.
585 2372 640 2411 11,
670 2371 704 2410 2,
735 2370 792 2401 33.
826 2366 1028 2400 testimonia
1050 2367 1113 2401 vel
1136 2371 1208 2409 pot.
1237 2366 1270 2406 5,
1298 2367 1353 2407 11,
1377 2366 1434 2399 37.
1457 2365 1497 2407 y)
1523 2365 1717 2407 Super-lata

230 2412 261 2446 is
287 2414 354 2446 erit
379 2415 421 2447 iu
457 2413 641 2448 affectibus
682 2412 947 2457 potentissimus
977 2414 1012 2455 6,
1046 2414 1081 2454 2,
1115 2413 1172 2445 30.
1214 2411 1253 2445 in
1287 2421 1331 2444 eo
1365 2411 1549 2444 crederem
1587 2409 1728 2446 statum-'j

231 2470 379 2502 causae,
415 2462 510 2504 quod
542 2466 636 2494 esset
667 2459 705 2494 in
738 2471 780 2493 ea
818 2458 1221 2502 potentissimum,
1261 2457 1369 2491 etin
1405 2466 1494 2500 quo
1526 2448 1728 2489 inaxinie‘

231 2516 301 2537 res
335 2512 624 2540 verteretur
659 2508 694 2547 3,
730 2506 764 2547 6,
795 2508 854 2538 21.
907 2504 954 2537 iu
985 2504 1083 2538 omni
1115 2503 1304 2547 partitione
1335 2507 1390 2536 est
1424 2501 1548 2545 utique
1585 2500 1728 2544 aliquid.

230 2552 538 2595 potentissimum,
579 2553 674 2596 quod
703 2562 784 2585 cum
808 2550 943 2585 audivit
967 2550 1096 2593 judex,
1134 2556 1251 2583 cetera
1287 2555 1457 2592 tanquam
1495 2557 1728 2593 supervacua

230 2597 371 2640 gravari
396 2601 486 2631 solet
515 2598 549 2640 4,
574 2600 607 2641 5,
632 2600 655 2632 8
680 2599 725 2631 N.
774 2597 842 2630 fuit
865 2597 1042 2641 quondam
1069 2596 1162 2630 inter
1190 2596 1280 2630 haec
1305 2594 1426 2629 omnia.
1454 2597 1552 2636 pon,
1576 2602 1649 2636 quo
1671 2592 1728 2632 ιφ

230 2642 416 2674 Murenam
442 2643 569 2677 Cicero
601 2643 849 2677 accusantibus
881 2642 1083 2676 clarissimis
1114 2641 1202 2675 viris
1238 2640 1409 2684 eripuisse
1442 2638 1585 2672 videtur
1615 2638 1652 2679 6,
1684 2636 1728 2689 ln}

231 2685 275 2718 34
302 2688 346 2719 Ν.
397 2687 556 2731 affectus,
579 2691 675 2733 quod
702 2696 756 2723 est
780 2691 886 2735 longe
911 2687 1209 2732 potentissimum,
1251 2683 1499 2721 commovendi
1531 2682 1567 2725 4,
1591 2684 1650 2717 Pr.
1677 2683 1728 2728 64

231 2731 275 2772 ‘'s-
305 2734 339 2772 7›
364 2734 398 2770 7.
423 2734 458 2766 8·
486 2738 540 2776 10,
568 2736 602 2776 3,
629 2740 684 2767 22.
711 2738 766 2775 12,
791 2736 825 2776 8,
854 2736 906 2768 15.
954 2736 1064 2767 multa
1087 2734 1246 2767 ediscere
1270 2740 1330 2765 eto.
1354 2728 1637 2782 potentissimum
1660 2731 1728 2781 ειη

231 2780 286 2819 11,
314 2781 348 2818 2,
375 2776 430 2811 40.
481 2790 525 2812 ne
551 2791 569 2811 a
594 2779 944 2822 potentissimis
977 2782 1019 2813 ad
1044 2778 1292 2813 levissima
1323 2777 1506 2809 decrescat
1538 2780 1651 2809 oratio
1676 2775 1728 2819 5,3

230 2826 287 2864 12,
317 2823 371 2855 14.
421 2823 463 2855 ad
492 2825 840 2866 potentissima
867 2826 912 2858 ab
936 2823 1288 2865 infirmissimis
1319 2821 1510 2865 pervenire
1533 2824 1627 2864 7,1,
1655 2822 1728 2861 17.}

231 2870 280 2903 ad
305 2867 511 2903 alienandos
535 2869 673 2907 animos
695 2870 940 2914 potentissima
964 2869 1000 2914 4,
1029 2874 1062 2913 1,
1089 2869 1148 2911 143
1187 2874 1260 2913 pot.
1287 2873 1491 2915 argumenta
1526 2867 1561 2909 6,
1593 2866 1628 2910 4,
1651 2867 1710 2899 22.
