1728 3002
541 161 680 203 Patior
711 183 768 191 -
797 145 1102 200 Patrimonium
1503 157 1587 199 633

106 278 236 326 9033130
262 276 417 324 pastam
436 275 472 319 9,
493 274 530 320 4,
563 274 620 310 26.
657 274 736 311 119.
782 282 966 317 quousque
995 270 1126 316 patitur
1160 271 1271 325 decor
1306 273 1339 315 1,
1365 271 1408 316 5,
1441 272 1514 326 63..
1551 278 1591 308 111

108 326 256 372 quisque
272 335 395 368 passus
411 321 712 364 0811001186,5,6.
741 319 872 363 scripta
894 329 1028 363 quam
1056 329 1131 352 res
1155 323 1370 361 patietur
1393 321 1591 363 plurima

109 375 166 416 12,
193 376 228 414 9,
257 371 298 405 16
327 371 375 404 Ν.
399 373 616 413 quantum
639 377 713 401 res
748 371 1009 410 pateretur.
1043 363 1243 408 optimas
1276 363 1470 408 (nutrices)
1507 367 1592 414 eligi

63 413 70 416 ’
109 421 143 459 1,
169 420 202 460 1,
226 416 271 458 43
296 417 338 450 de
361 415 503 459 affectu.-
529 412 588 457 qui
613 423 700 446 vere.
726 411 909 456 patiuntur
929 411 965 453 6,
992 412 1026 452 2,
1051 414 1103 445 27.
1156 409 1179 462 .)
1206 423 1235 444 c.
1257 414 1382 447 Aecus.
1409 412 1446 456 a)
1468 411 1588 454 sero.-

109 463 229 498 omnia
275 472 316 496 08
340 470 504 506 passuros
533 461 588 502 11,
615 461 648 501 1,
670 459 726 494 65.
762 458 921 502 nihilque
946 466 1070 490 eorum
1094 468 1114 499 p
1140 461 1164 489 11
1189 468 1298 490 unum
1324 458 1594 502 diu,possunms

109 512 151 544 11
191 511 226 551 3,
249 473 308 542 24.
354 506 432 541 sive
455 504 540 551 quid
561 505 655 550 passi
678 515 798 538 sumus
822 514 955 551 grave,
987 502 1065 536 aive
1089 503 1225 547 passuri
1254 503 1289 544 4,
1317 506 1348 546 1,
1373 507 1430 538 27.
1455 506 1591 553 gravia,

110 535 275 602 indigna,
317 552 430 587 tristia
465 561 586 596 passos
628 551 663 594 6,
697 553 733 593 2,
768 549 825 588 34.
873 548 904 584 si
941 548 1098 583 maxima
1130 549 1218 582 haec
1248 549 1461 593 patiatur
1494 558 1594 586 aetas

109 599 310 641 robustior,
339 603 456 632 tamen
479 596 632 641 pueriles
655 606 767 630 annos
793 594 988 630 onerari
1016 605 1087 628 non
1113 601 1254 638 oportet
1291 599 1323 638 1,
1364 600 1418 640 12,
1457 602 1495 640 1;
1528 599 1595 632 sed

109 646 182 681 hoc
203 645 276 690 pati
299 655 372 679 non
395 653 582 688 possumus
603 641 638 685 4,
666 645 700 685 2,
727 645 802 677 127.
848 647 888 675 ut
912 640 1148 688 negligentiae
1172 647 1226 674 est
1260 653 1342 685 pars
1380 644 1450 678 hoc
1480 648 1555 688 pat
1570 644 1594 687 i,

109 691 160 727 ita
183 690 388 726 humilitatis
411 690 542 733 ubique
569 689 943 732 perhorrescere
978 688 1012 726 9.
1039 685 1075 729 4,
1109 687 1175 728 35;
1209 687 1411 723 cicatricem
1436 691 1595 725 nondum

110 737 184 783 pati
207 734 312 781 posse
334 739 369 779 2,
397 735 432 779 4,
466 738 520 770 11.
566 734 722 780 graviter
756 740 790 768 et
825 733 947 777 iniquo
984 733 1102 767 auimo
1134 734 1323 768 maledicta
1357 741 1416 769 tua
1455 742 1597 781 paterer

111 785 214 817 Sall.
244 782 279 826 4,
304 785 338 825 1,
361 782 418 816 68.
466 781 561 825 quod
589 779 680 824 passi
705 779 1015 821 sumus=(‘ma1um)
1039 781 1074 821 ti,
1104 782 1139 821 2,
1169 783 1224 814 22.
1259 781 1420 815 dolorem
1453 783 1526 827 pati
1562 785 1598 827 5,

111 831 170 872 10,
193 831 249 864 70.
296 828 516 862 intellectum
536 825 798 869 disciplinarum
823 836 991 870 capere
1017 831 1053 859 et
1076 826 1233 859 laborem
1268 827 1365 870 pati
1398 831 1432 871 1,
1472 833 1505 871 1,
1539 831 1595 866 15.

110 885 181 910 nec
205 873 317 908 otium
341 873 471 918 patitur
496 875 552 915 10,
579 872 613 914 6,
641 874 672 906 1.
698 883 848 916 poenam
874 882 996 915 passus
1022 874 1078 911 11,
1106 874 1138 913 1,
1169 873 1221 907 18.
1247 878 1286 905 ut
1307 874 1419 908 risum
1446 875 1599 911 libenter

66 934 69 935 ⁷
109 920 289 965 patiantur
310 920 346 961 6,
370 921 405 962 3,
430 921 484 953 31.
534 918 632 961 quod
657 917 820 960 (vulnus)
844 929 883 951 se
907 928 1047 960 passum
1070 918 1103 952 6.
1131 919 1166 959 3,
1191 918 1248 952 75.
1296 919 1381 963 quid
1405 931 1424 953 a
1450 921 1598 958 Socrate

111 966 189 1010 1³³st
211 964 369 1000 voluerit
392 965 406 1009 (
411 963 628 1005 Alcibiades)
653 966 688 1004 8,
713 962 748 1006 4,
771 965 838 1006 233
873 966 987 995 transl.
1023 964 1065 995 de
1097 965 1210 996 rebus.-
1252 966 1347 1007 quod
1383 977 1451 1000 nec
1483 969 1599 1003 omnis

113 1010 273 1057 quaestio
296 1009 390 1054 (Sp.
418 1009 534 1051 actio)
559 1009 762 1053 patitur,
797 1020 865 1042 nec
892 1008 1007 1042 omnis
1032 1019 1138 1042 causa
1161 1009 1398 1045 desiderat
1431 1011 1467 1055 4,
1493 1018 1527 1058 1,
1551 1014 1599 1050 24

113 1061 157 1093 Z.
183 1058 232 1093 N.
278 1058 389 1100 haec,
420 1062 460 1089 ut
484 1055 633 1100 quisque
656 1066 779 1098 passus
803 1060 857 1088 est
882 1056 995 1093 locus,
1022 1054 1222 1088 monuimus
1245 1056 1280 1099 6,
1307 1059 1341 1099 5,
1365 1058 1400 1092 6.
1427 1069 1598 1095 conce-

113 1103 271 1137 damus
293 1113 403 1144 sane,
429 1102 524 1146 quod
552 1100 697 1147 minime
722 1107 844 1134 natura
863 1100 1039 1144 patitur
1066 1103 1118 1142 12,
1146 1103 1179 1142 1,
1203 1103 1261 1136 23.
1287 1103 1329 1145 b)
1353 1103 1598 1146 afflictor.-

113 1160 161 1183 1111
181 1149 343 1183 dolorem
366 1147 491 1191 capitis
518 1148 667 1190 habeat,
703 1147 763 1191 qui
791 1147 862 1180 hoc
888 1155 927 1180 se
951 1145 1023 1190 pati
1046 1146 1140 1180 dicet
1162 1150 1197 1189 2,
1224 1151 1280 1191 17,
1305 1149 1361 1184 39.
1407 1157 1444 1184 et
1467 1158 1600 1188 metum

64 1233 70 1236 Α
113 1194 290 1238 duplicem
310 1193 461 1240 intelligi
506 1194 616 1236 volo,
664 1203 770 1237 quem
813 1193 858 1226 t'a
870 1192 1032 1234 cimus,
1078 1197 1114 1225 et
1153 1204 1258 1236 quem
1299 1196 1530 1239 patimur:
1562 1206 1599 1234 et

113 1239 285 1275 invidiam
307 1240 342 1281 6,
367 1242 402 1281 2,
427 1241 486 1273 21.
512 1238 556 1280 cs.
582 1240 618 1281 9,
651 1240 696 1281 3,
723 1241 758 1273 7.
805 1249 826 1272 a
859 1250 929 1282 qua
959 1235 1068 1280 (via)
1103 1238 1283 1274 declinare
1317 1241 1378 1285 qui
1409 1244 1601 1280 crediderit
1625 1287 1628 1290 ⁴

113 1287 226 1327 nefas,
274 1283 400 1319 atiatm·
418 1295 566 1319 necesse
583 1290 640 1317 est
650 1284 746 1320 illam
771 1294 834 1327 per
846 1284 950 1317 funes
967 1283 1241 1330 ingredientium
1268 1288 1467 1323 tarditatem
1491 1293 1524 1332 2,
1543 1295 1586 1328 13

111 1332 168 1369 16.
193 1298 328 1366 uuffum
353 1341 477 1365 eorum
502 1331 655 1374 patietur
682 1330 944 1364 incommodum
972 1333 1026 1372 11,
1053 1331 1087 1371 3,
1114 1333 1172 1364 32.
1201 1332 1367 1376 quiddam
1390 1335 1463 1379 pati
1486 1319 1603 1374 furori

111 1375 270 1418 similel,
289 1378 395 1420 2,31.
418 1376 449 1410 si
471 1377 559 1410 nihil
575 1377 664 1420 ipse,
690 1376 749 1420 qui
773 1376 811 1410 111
837 1375 926 1410 iram
953 1376 1158 1410 concitat
1181 1389 1233 1421 se,
1256 1378 1371 1414 simile
1394 1383 1603 1425 patietur

112 1425 148 1461 6.
171 1426 207 1467 2,
229 1426 292 1465 273
314 1424 486 1467 quaedam
511 1421 638 1466 (verba)
664 1421 779 1456 simile
805 1422 971 1466 quiddam
996 1422 1176 1466 patiuntur
1198 1426 1384 1460 vocabulis
1406 1428 1442 1461 iu
1468 1430 1602 1465 adver-

71 1486 75 1487 ⁷
111 1467 210 1503 bium
231 1469 493 1503 nauseantibus
518 1471 551 1511 1,
573 1467 609 1510 4,
634 1470 689 1503 29.
721 1468 758 1512 y)
784 1481 811 1501 c.
835 1471 998 1510 geminato
1016 1473 1113 1510 Aca,
1140 1478 1197 1502 aut
1223 1475 1308 1505 Λα).
1339 1486 1368 1506 c.
1394 1474 1485 1515 Ins..-
1512 1479 1603 1513 nihil

113 1514 267 1550 otiosum
286 1515 374 1559 pati,
399 1516 565 1559 quodque
585 1514 623 1548 in
649 1514 870 1556 inventione,
898 1516 1064 1559 quodque
1079 1515 1116 1548 in
1138 1517 1341 1555 elocutione
1361 1525 1604 1559 annotandum

51 1587 65 1603 ,.
114 1561 184 1596 erit
205 1563 240 1603 2,
263 1562 298 1602 5,
322 1564 357 1595 7.
403 1562 566 1605 querelas
589 1576 634 1582 -
658 1571 782 1593 necem
806 1578 850 1584 —
874 1561 1156 1604 conspirationes
1187 1573 1260 1596 non
1290 1564 1418 1599 inultas
1450 1569 1605 1611 patietur

114 1612 236 1640 orator
256 1609 313 1648 12,
336 1609 372 1644 7,
397 1609 435 1648 2;
468 1608 566 1640 1111110
594 1617 632 1639 se
661 1606 835 1650 implicari
863 1608 1009 1653 negotio
1033 1619 1156 1650 passus
1180 1615 1232 1642 est
1266 1608 1302 1653 4,
1333 1613 1368 1653 ¹),
1401 1615 1479 1647 110.
1528 1627 1605 1650 non

114 1652 289 1696 patiamur
309 1651 417 1698 igitur
438 1651 632 1698 frigescere
659 1653 728 1685 hoc
759 1663 848 1695 opus
872 1654 907 1694 6,
935 1656 967 1694 1,
992 1654 1049 1688 29.
1097 1659 1136 1686 ut
1160 1659 1302 1688 teneras
1330 1657 1444 1691 adhuc
1467 1668 1606 1696 mentes

116 1697 236 1731 satiari
256 1698 356 1731 velut
381 1698 533 1740 quodam
556 1697 773 1739 jucundioris
801 1697 1006 1740 disciplinae
1030 1700 1120 1733 lacte
1147 1700 1326 1742 patiantur
1349 1705 1384 1744 2,
1411 1703 1445 1745 4,
1471 1707 1503 1739 5.
1533 1709 1606 1742 duo

118 1742 312 1785 spondei
335 1752 410 1775 non
430 1743 509 1776 fere
533 1743 668 1787 jungi
691 1743 872 1786 patiuntur
893 1745 928 1786 9,
952 1743 987 1786 4,
1018 1747 1096 1779 101.
1132 1744 1176 1786 cs.
1212 1749 1252 1789 1,
1280 1749 1322 1789 5,
1355 1749 1412 1782 61.
1446 1752 1480 1793 9,
1508 1751 1543 1795 4,
1567 1755 1604 1788 6,

118 1789 177 1829 10,
202 1790 237 1829 1,
264 1788 322 1822 89.
352 1789 407 1828 12,
431 1791 466 1830 7,
492 1788 534 1830 93
570 1798 660 1831 quae
683 1799 772 1822 vero
796 1790 882 1823 hoc
906 1789 1088 1832 patitur
1119 1791 1233 1833 ratio,
1271 1798 1317 1826 ut
1351 1794 1535 1839 quisquam
1560 1800 1607 1835 sit

119 1837 242 1866 orator
264 1832 454 1876 imparatus
477 1834 520 1866 ad
545 1831 647 1867 casus
678 1836 733 1876 10,
756 1838 791 1876 7,
816 1837 850 1869 3.
898 1834 945 1877 11)
970 1839 1119 1870 Panic„-
1144 1837 1282 1879 patiens
1305 1837 1437 1874 laboris
1463 1844 1521 1878 Pr.
1544 1848 1604 1880 27.

119 1881 154 1919 2,
175 1880 211 1920 2,
235 1878 278 1920 53
311 1878 500 1921 patientior
525 1879 658 1912 laboris
683 1882 715 1921 1,
742 1883 798 1922 12,
823 1882 879 1915 10.
924 1881 954 1914 si
979 1887 1033 1915 est
1057 1882 1318 1924 patientior
1341 1885 1498 1932 (judex)
1526 1903 1605 1936 opp,

118 1922 329 1958 moribus
371 1923 720 1967 incompositus
759 1925 806 1968 4,
850 1927 884 1969 5,
920 1929 985 1968 103
1032 1928 1103 1961 hoc
1147 1928 1297 1970 injuriae
1333 1941 1446 1975 genus
1487 1934 1538 1978 (i.
1574 1951 1604 1972 e,

121 1967 343 2012 stuprum)
387 1969 624 2004 verecundius
669 1969 761 2003 inest
792 1970 860 2012 (Z.
897 1973 981 2014 conj.
1018 1983 1091 2006 non
1128 1979 1181 2007 est
1215 1975 1279 2016 5.)
1318 1979 1464 2019 passis
1498 1993 1606 2025 quam

122 2014 251 2049 ausis
284 2017 346 2056 11,
382 2016 421 2056 1,
451 2013 507 2049 84.
555 2015 724 2057 affectus,
768 2026 856 2059 quos
886 2027 960 2050 non
992 2024 1030 2051 ut
1062 2019 1281 2054 advocati
1316 2023 1378 2055 sed
1411 2030 1448 2058 ut
1480 2029 1605 2069 passi

121 2060 277 2094 subimus
303 2061 348 2094 ib.
372 2060 416 2094 55
441 2061 487 2094 Ν.
535 2061 603 2102 111)
632 2062 798 2094 Gerund.:
832 2062 988 2104 patiendi
1014 2066 1122 2097 modo
1147 2068 1178 2107 1,
1214 2067 1248 2107 6,
1277 2067 1335 2101 26.
1371 2069 1414 2112 9,
1448 2073 1482 2115 3,
1516 2077 1539 2108 7
1570 2087 1605 2110 v,

120 2106 274 2140 Facio.
296 2108 538 2150 paciscor,
574 2117 656 2139 cum
680 2106 827 2139 haberet
850 2108 1006 2151 patiendi
1028 2115 1188 2144 naturam
1212 2114 1245 2154 1,
1270 2112 1304 2153 6,
1329 2115 1385 2148 10.

73 2161 229 2204 Patria.
278 2179 325 2205 est
349 2174 436 2205 unde
460 2179 685 2224 argumentum
707 2175 791 2206 sumi
812 2177 936 2226 possit,
970 2188 1046 2219 opp.
1082 2177 1180 2220 natio
1216 2178 1250 2221 5,
1281 2183 1336 2223 10,
1363 2183 1409 2216 25
1438 2186 1486 2220 IV,
1514 2190 1608 2231 apud

120 2220 216 2253 hunc
246 2217 455 2270 (orator-ern)
480 2229 516 2262 p.
541 2229 617 2261 ipsa
642 2220 854 2253 exclamabit
880 2223 940 2273 12,
962 2223 1018 2264 10,
1041 2222 1098 2256 61.
1130 2228 1449 2271 propugnatoribus
1472 2230 1608 2276 patriae

121 2267 178 2306 12,
205 2267 240 2306 7,
268 2266 302 2298 3.
346 2269 458 2308 patna
480 2265 608 2298 cedere
634 2267 690 2308 11,
718 2268 751 2308 1,
781 2267 836 2301 12.
870 2277 943 2310 *qui
966 2278 1032 2311 pro
1055 2280 1092 2312 p.
1122 2270 1327 2306 ceciderant
1351 2277 1386 2318 2,
1413 2277 1470 2320 15,
1494 2280 1552 2314 29,

73 2321 235 2411 pexerit}
275 2341 350 2365 non
387 2329 578 2366 inimice
617 2331 820 2377 corripere,
862 2334 927 2368 sed
960 2346 1075 2389 paene
1106 2337 1263 2382 patrie
1291 2351 1440 2378 monere
1473 2348 1538 2392 11,
1572 2351 1608 2393 1,

75 2432 278 2474 Patrium·
311 2445 335 2478 ι’.
361 2457 392 2489 q.
414 2448 791 2489 patronymicum.-
816 2445 854 2481 in
878 2446 1005 2492 quibus
1032 2449 1221 2493 patrium
1243 2463 1310 2497 pro
1335 2460 1609 2500 possessivo

124 2488 255 2523 dicitur
277 2487 452 2534 (soloce.)
482 2493 516 2534 1,
541 2493 576 2535 5,
599 2490 645 2526 45
670 2493 718 2526 Ν.

7 2575 9 2577 ¹
75 2545 398 2594 Patrimonium.
440 2557 692 2592 facultates
727 2559 1009 2604 patrimonii
1045 2563 1158 2598 nostri
1201 2565 1278 2602 aliis
1314 2574 1609 2615 praeparabamus

12 2612 15 2617 ,
123 2604 159 2646 6,
185 2603 241 2636 Pr.
274 2603 328 2636 16.
374 2614 483 2647 penes
507 2615 611 2648 quem
635 2605 681 2638 sit
706 2611 796 2650 patr.
825 2608 859 2649 9,
898 2608 933 2649 3,
966 2608 1013 2641 80
1048 2621 1080 2642 v.
1113 2611 1477 2653 Matrimonium.
1509 2623 1609 2664 cujus

121 2660 157 2692 P·
181 2652 408 2682 consumatur
435 2651 470 2691 3,
498 2650 533 2691 6,
564 2650 620 2685 25,
668 2653 766 2694 quod
797 2664 830 2695 p.
863 2653 1077 2688 comedisset
1110 2657 1152 2698 6,
1188 2659 1231 2695 3.
1266 2659 1324 2695 74.
1369 2664 1428 2707 qui
1466 2677 1501 2709 p.
1536 2679 1610 2704 non

123 2699 310 2736 pararunt,
341 2696 407 2729 sub
435 2695 528 2730 diem
554 2695 645 2739 (Sp.
674 2698 850 2739 subinde)
875 2705 1049 2743 quaerunt
1075 2702 1109 2743 8,
1133 2703 1189 2736 Pr.
1213 2706 1258 2740 29
1285 2710 1329 2741 Z.
1356 2710 1403 2742 N.
1419 2724 1428 2732 ·
1463 2717 1610 2750 contro-

123 2739 260 2784 versia,
298 2739 337 2774 in
366 2753 434 2786 qua
458 2742 501 2776 de
528 2748 628 2786 parte
651 2742 855 2786 patrimonii
881 2751 1005 2789 (platta
1032 2750 1251 2785 contendunt
1275 2760 1336 2787 etc.
1364 2758 1400 2800 7,
1415 2738 1459 2800 ’4‚
1486 2759 1541 2794 39.
