1728 3002
904 85 928 94 ,ιν

105 176 188 215 280
610 175 828 234 Eloquens
858 201 912 207 —
928 158 1131 233 *El'oquor

154 296 228 320 non
251 285 290 321 in
312 286 350 320 id
363 291 500 323 tantum
517 292 719 335 compellat,
743 291 782 325 in
797 292 892 336 quod
907 290 984 336 ipsa
997 291 1052 326 rei
1065 297 1193 326 natura
1216 291 1366 326 ducetur
1387 291 1423 335 6,
1438 294 1472 335 2,
1492 291 1552 328 24.
1570 295 1653 328 cla--

157 332 290 367 riorem
303 333 378 368 vim
400 337 496 381 eloq.
513 339 569 381 12,
594 340 650 381 10,
665 339 720 373 15.
742 349 870 385 magna
885 339 1059 382 quaedam
1081 338 1140 374 vis
1166 339 1262 382 eloq.
1280 338 1316 380 9,
1332 340 1369 382 2,
1389 339 1446 373 33.
1467 337 1511 380 ‘fi
1529 341 1586 382 11,
1609 342 1645 384 3,

157 379 212 414 56.
236 379 337 423 cujus
361 382 455 426 eloq.
473 380 550 418 vim
569 386 744 428 quandam
770 384 1016 420 incredibilem
1038 387 1094 428 12,
1120 387 1156 428 2,
1182 386 1241 418 22.
1265 385 1364 429 eloq.
1386 383 1485 420 vires
1508 386 1567 419 Pr.
1585 387 1645 425 23.
1673 395 1675 397 ’

201 434 243 479 δ)
267 440 372 472 Dat„-
399 449 475 473 non
499 440 585 474 satis
609 441 835 486 eloquentiae
857 447 934 486 est,
959 453 1025 486 ea,
1049 443 1095 476 de
1123 440 1251 486 quibus
1278 440 1396 484 dicat,
1410 435 1517 476 'blare
1539 448 1647 488 atque

100 489 109 493 ”
157 480 346 518 evidenter
369 487 559 521 ostendere
581 488 616 530 8,
644 490 677 530 3,
702 489 759 523 86.
786 488 1024 533 eloquentiae,
1046 494 1088 522 ut
1109 487 1283 522 indecora
1302 485 1463 531 jactatio,
1481 487 1532 523 ita
1554 499 1647 523 non-

156 539 339 573 nunquam
364 534 596 567 concedenda
622 534 750 568 fiducia
767 540 822 568 est
842 537 897 578 11,
917 538 951 578 1,
970 536 1027 569 25.
1054 534 1084 568 si
1106 533 1195 568 mihi
1210 533 1388 578 sapientes
1405 532 1542 578 judices
1559 534 1646 570 den—

155 580 216 608 tur
235 596 281 601 -—
306 589 479 622 perquam
498 579 542 613 sit
561 579 712 627 exiguus
735 580 959 626 eloquentiae
976 582 1078 615 locus
1099 584 1133 624 2,
1155 583 1212 623 17,
1230 581 1295 618 28.
1314 590 1406 625 quae
1423 586 1520 614 secta
1538 579 1648 626 (Aca-

157 622 374 667 demicorum)
393 625 583 669 plurimum
607 627 774 661 conferre
798 628 893 672 eloq.
917 627 1030 672 possit
1054 630 1110 670 12,
1130 630 1165 670 2,
1185 628 1242 661 23.
1266 624 1312 667 cs.
1336 628 1394 678 10,
1421 628 1454 669 1,
1468 627 1528 662 95.
1553 627 1648 673 eloq.

155 667 387 712 praecipuum
404 672 524 706 lumen
548 673 645 707 dedit
664 674 717 707 M.
742 673 882 707 Tullius
901 676 936 717 3,
957 677 990 714 1,
1010 675 1068 707 20.
1089 673 1207 707 minus
1221 672 1404 707 indulsere
1423 673 1650 719 eloquentiae

158 713 270 747 Stoici
295 721 438 751 veteres
481 721 543 762 10,
578 722 617 763 1,
655 719 714 754 84.
747 725 883 754 tautum
916 719 1079 754 intulisse
1109 718 1336 763 eloquentiae
1369 719 1491 752 lumen
1522 722 1586 762 10,
1615 721 1652 765 ⁵3

159 760 213 794 16.
242 759 717 807 [quidquid‘sententiis
745 771 805 800 aut
829 765 1136 811 eloquentiae
1171 766 1379 809 (recipienda
1405 765 1544 808 conice-t.
1576 768 1604 800 S
1637 791 1648 801 .

99 837 105 839 ,
156 807 353 887 f‹Zocsstioni
394 823 436 843 ex
468 815 663 856 optimorum
689 811 797 848 Codd.
829 816 943 858 script.
980 811 1205 856 elocutione)
1230 821 1324 846 ‘nou
1356 810 1503 865 uocelpit
1529 813 1573 856 9,
1636 838 1650 857 ,

223 869 236 886 A
261 877 270 887 ι
309 867 354 888 cr·
1192 885 1197 889 .
1574 871 1577 874 “

198 898 228 940 ε)
254 853 381 934 Ace-usi
429 901 466 946 a)
491 905 628 948 majore
655 904 775 940 auimo
811 903 1051 953 aggredienda
1078 901 1282 948 eloquentia
1306 907 1360 937 est
1382 903 1417 946 8,
1440 903 1499 937 ΡΥ.
1524 905 1581 938 22.
1606 906 1651 939 ad

154 947 354 989 augendam
379 949 473 994 eloq.
501 953 533 993 1,
557 954 612 994 11,
643 954 697 986 13.
723 951 767 992 cs.
797 954 832 1000 2,
859 956 891 994 1,
917 953 950 987 9.
975 957 1016 985 ut
1049 949 1166 984 omnis
1197 949 1275 991 eius
1299 948 1506 994 eloquentia
1535 950 1651 986 conti-

155 991 234 1024 neri
256 998 353 1027 tecto
381 1006 423 1028 ac
446 996 639 1040 parietibus
662 997 848 1033 videretur
873 1000 929 1041 10,
954 998 988 1039 5,
1014 998 1069 1032 18.
1105 995 1334 1041 praecipuas,
1369 1006 1462 1040 quae
1488 1005 1652 1034 corrum-

156 1044 284 1080 perent
307 1041 568 1087 eloquentiam,
608 1055 732 1078 causas
757 1047 791 1086 2,
821 1046 879 1087 10,
907 1046 940 1078 3.
975 1043 1224 1090 effingendae,
1253 1053 1359 1086 quam
1385 1052 1558 1076 summam
1583 1055 1654 1089 pu·-

158 1088 255 1127 tant,
281 1086 509 1131 eloquentiae
535 1093 568 1133 1,
591 1093 627 1134 2,
655 1091 711 1126 26.
750 1090 972 1124 dissimulare
999 1088 1239 1134 eloquentiam
1268 1090 1325 1130 12,
1348 1087 1385 1131 9,
1409 1087 1443 1122 5.
1467 1093 1508 1122 ut
1529 1108 1576 1115 —
1597 1088 1653 1125 ira

156 1139 413 1176 nonuunquam
437 1137 498 1175 (a.
523 1140 545 1173 ῑ,
573 1138 670 1171 inser.
696 1136 762 1177 in)
796 1136 950 1171 indoctis
975 1146 1119 1180 quoque
1144 1133 1389 1181 eloquentiam¹
1407 1133 1518 1169 faciat
1545 1134 1582 1179 6,
1615 1137 1652 1180 2,

155 1176 216 1212 26.
238 1177 402 1212 Latinam
426 1181 668 1225 eloquentiam
694 1194 816 1226 parem
837 1184 960 1216 facere
986 1182 1145 1216 Graecae
1169 1181 1228 1223 10,
1249 1183 1285 1221 1,
1308 1180 1386 1215 105.
1420 1180 1466 1214 ad
1491 1181 1665 1225 semath,

156 1222 238 1259 dim
264 1225 349 1268 eloq
384 1228 419 1267 2,
446 1229 502 1269 10,
532 1229 567 1260 2.
595 1227 627 1261 is
651 1228 858 1273 (Demetrius
884 1227 1078 1270 Phalereus)
1102 1226 1239 1271 primus
1262 1225 1458 1261 inclinasse
1481 1227 1655 1272 eloquen-

158 1260 244 1302 tiam
280 1269 426 1304 dicitur*
444 1274 500 1314 10,
533 1275 566 1315 1,
600 1275 658 1308 80.
687 1274 777 1307 haec
808 1273 1051 1318 eloquentiam
1081 1277 1212 1318 regunt
1241 1272 1277 1315 6,
1301 1274 1338 1314 2,
1360 1269 1458 1317 ⁴2le
1493 1273 1654 1308 simulari

158 1314 253 1358 eloq.
277 1326 351 1357 non
374 1323 496 1360 potest
516 1321 573 1361 12,
598 1321 633 1362 3,
658 1322 715 1353 12.
741 1320 833 1363 eloq.
860 1320 936 1363 ejus
965 1320 1093 1364 (partis
1117 1319 1196 1351 adv.
1221 1315 1381 1362 patroni)
1402 1316 1531 1353 timere
1557 1318 1594 1363 4,
1620 1323 1655 1363 1,

157 1363 216 1395 11.
243 1372 290 1394 ex
317 1362 445 1406 quibus
472 1364 663 1409 plurimum
686 1365 912 1409 eloquentiae
936 1376 975 1399 se
1001 1363 1154 1398 traxisse
1178 1365 1236 1407 10,
1263 1365 1297 1406 1,
1325 1364 1384 1398 81.
1430 1359 1483 1408 11)
1507 1370 1655 1401 comoe-

159 1406 264 1450 diae,
290 1420 381 1452 quae
405 1411 597 1454 plurimum
621 1412 788 1446 conferre
811 1413 865 1445 ad
888 1410 1129 1456 eloquentiam
1150 1415 1270 1454 potest
1293 1411 1328 1453 1,
1350 1409 1386 1451 8,
1411 1412 1446 1450 7,
1477 1408 1656 1447 naturane

159 1454 240 1496 plus
265 1455 317 1488 ad
340 1456 434 1501 eloq.
463 1458 626 1492 conferat
648 1469 693 1491 311
724 1457 913 1492 doctrina?
946 1460 982 1500 2,
1012 1457 1069 1500 19,
1094 1458 1127 1490 t.
1166 1455 1230 1500 qui
1254 1465 1295 1489 se
1332 1455 1378 1488 ad
1413 1454 1655 1503 eloquentiam

160 1500 389 1535 contulerunt
415 1505 470 1546 12,
499 1506 535 1546 2,
566 1505 600 1539 8.
637 1503 723 1538 satis
755 1505 800 1537 ad
827 1505 921 1548 eloq.
949 1502 1147 1537 instructos
1179 1503 1223 1544 8,
1260 1501 1317 1535 Pr.
1345 1503 1380 1534 2.
1402 1512 1469 1545 per
1490 1513 1582 1547 quae
1609 1504 1656 1538 ad

159 1546 254 1591 eloq.
285 1549 494 1591 pervenitur
516 1553 551 1592 2,
576 1552 611 1593 3,
635 1552 669 1585 5.
693 1551 923 1585 tendentibus
945 1550 990 1584 ad
1012 1550 1108 1594 eloq.
1136 1550 1245 1593 12,-1,
1261 1547 1548 1601 113⁴plurimum‘
1569 1546 1656 1585 artis

158 1592 200 1626 in
226 1594 320 1638 eloq.
346 1594 542 1630 intulerunt
566 1599 622 1640 10,
650 1599 684 1641 5,
708 1598 744 1632 3.

206 1651 241 1692 ζ)
263 1654 397 1688 Αὸῑαι..·
425 1665 490 1688 cur
504 1665 578 1689 uon
600 1655 744 1690 tamin
768 1654 1056 1700 eloquentia
1082 1663 1188 1699 quam
1210 1650 1250 1686 in
1273 1650 1464 1704 ratio-ne
1485 1651 1655 1706 virtutem
1683 1662 1685 1664 ·

161 1697 238 1740 ejus
263 1698 426 1742 (hominis)
453 1712 532 1736 esse
559 1703 747 1736 credamus
773 1705 807 1744 2,
831 1704 889 1746 20,
907 1702 941 1737 9.
969 1699 1128 1734 omnium
1150 1698 1199 1752 in
1226 1699 1323 1742 eloq.
1346 1703 1517 1750 vitiorum
1542 1709 1656 1750 pessi-

159 1755 256 1778 mum
284 1746 319 1786 8,
343 1747 377 1788 3,
407 1747 464 1782 56.
496 1748 678 1792 praecipui
700 1748 750 1782 in
773 1749 868 1792 eloq.
891 1759 963 1782 vln
979 1747 1016 1790 6,
1032 1748 1067 1789 3,
1088 1747 1122 1779 3.
1147 1756 1194 1778 111
1218 1745 1313 1790 eloq.
1341 1743 1534 1783 Galliarum
1556 1755 1656 1789 prm.

161 1801 246 1834 ceps
283 1793 339 1834 10,
369 1795 402 1835 3,
434 1795 489 1828 13.
515 1793 839 1838 praestantissimos
866 1792 910 1827 in
935 1794 1030 1836 eloq.
1055 1794 1156 1826 viros
1184 1792 1240 1842 12,
1267 1791 1302 1832 2,
1326 1790 1383 1822 25.
1402 1786 1447 1830 cf:
1470 1791 1510 1837 2,
1536 1791 1578 1843 3,
1598 1791 1656 1824 11.

161 1836 380 1871 summo'rum
403 1838 451 1873 in
476 1841 572 1884 eloq.
598 1840 760 1875 virorum
785 1842 818 1882 1,
844 1839 880 1882 6,
904 1841 944 1882 23
981 1837 1043 1882 qui
1070 1835 1240 1870 cicerem
1276 1845 1318 1868 ac
1341 1835 1582 1888 Demostheni
1607 1847 1656 1881 ne

159 1881 199 1915 in
224 1884 317 1928 eloq.
346 1884 489 1929 quidem
514 1886 598 1920 satis
624 1885 785 1920 tribuunt
810 1887 866 1927 12,
897 1887 930 1927 1,
954 1886 1010 1917 22.
1041 1881 1127 1927 quid
1142 1892 1230 1928 ergo
1257 1885 1312 1915 est
1335 1885 1474 1916 tantum
1496 1876 1593 1923 urbs-
1608 1881 1657 1916 in

162 1929 280 1975 eloq.?
310 1932 354 1965 ib.
379 1933 443 1975 333
470 1943 560 1976 quae
584 1933 639 1966 de
663 1929 868 1976 eloquentia
895 1929 1126 1964 tradebantur
1154 1930 1211 1971 12,
1238 1929 1295 1970 11,
1318 1927 1356 1964 9.

1725 1731 1728 1735 l
1719 1604 1728 1698 ..amn

115 1983 321 2042 EquUOr·
369 1999 410 2040 α)
434 1999 556 2044 eloqui
577 2000 648 2034 hoc
674 2005 746 2043 est,
787 1998 930 2042 omnia,
962 2008 1054 2044 quae
1077 2001 1199 2030 mente
1222 1993 1454 2039 conceperis,
1487 2004 1655 2039 promere
1715 1987 1728 2050 ⁴3

162 2049 231 2087 atq.
259 2045 302 2078 ad
327 2044 530 2081 audientem
552 2047 714 2090 perferre
737 2047 772 2089 8,
801 2047 859 2079 Pr.
885 2045 941 2080 15.
981 2055 1051 2078 nec
1075 2041 1247 2087 disposita
1282 2039 1482 2084 (tuntum),
1512 2046 1552 2074 ut
1574 2042 1655 2076 elo·
1713 2051 1728 2062 ··

163 2101 335 2133 quamur‚
370 2091 537 2136 (teneret
557 2093 728 2127 debemus
754 2094 797 2136 3,
822 2094 866 2134 3,
898 2093 954 2125 10.
991 2089 1112 2133 eloqui
1149 2086 1450 2133 praestantissime
1476 2089 1534 2130 12,
1556 2089 1592 2127 2,
1618 2088 1652 2122 9.

163 2137 280 2169 minus
312 2137 507 2172 efficaciter
542 2140 703 2173 elocutus
737 2139 781 2181 5,
817 2141 879 2180 13,
913 2136 970 2171 25.
1008 2146 1134 2180 pamm
1169 2135 1329 2168 elocutos
1351 2134 1386 2175 3,
1409 2134 1444 2170 6.
1467 2131 1502 2166 4.
1529 2132 1655 2176 verba,

165 2193 256 2225 quae
280 2183 360 2226 plus
385 2183 706 2230 significant,
732 2195 839 2229 quam
863 2183 1159 2227 eloquuntur
1181 2181 1217 2222 8,
1242 2182 1278 2222 2,
1308 2182 1373 2221 11;
1407 2189 1451 2212 ea
1473 2184 1510 2212 et
1532 2178 1659 2212 sciet
1716 2179 1718 2188 ²

163 2228 299 2270 optime
327 2234 362 2263 et
387 2231 636 2275 eloquetur
662 2237 783 2265 orator
808 2230 869 2264 Pr.
895 2231 953 2263 17.
1002 2231 1042 2273 ,¹3⁸
1071 2227 1219 2261 Gerund.
1246 2226 1284 2268 a)
1305 2226 1441 2266 Genu..-
1468 2233 1547 2277 sive
1571 2234 1658 2276 acu·
1689 2275 1707 2281 V

165 2273 260 2307 mine
299 2275 598 2320 disserendi,
623 2277 702 2312 sive
734 2274 1005 2320 eloquendi
1030 2273 1200 2324 facultate
1225 2273 1290 2313 10,
1317 2273 1355 2322 1.,
1383 2271 1659 2323 81..οι10111111111
1703 2302 1705 2305 ,

165 2320 356 2363 eloquendi
391 2322 450 2362 (a.
477 2327 499 2357 l.
525 2322 630 2367 loq.)
662 2325 707 2366 8,
746 2323 790 2365 6,
828 2321 885 2357 59.
916 2326 1015 2354 tanta
1040 2318 1080 2352 in
1103 2327 1148 2352 eo
1177 2316 1463 2369 1nveu1eud1
1489 2324 1595 2369 eopia
1621 2321 1660 2350 et

167 2366 424 2409 eloquendi
464 2370 615 2403 facultas
648 2372 704 2412 10,
731 2372 763 2411 1,
787 2369 844 2404 69.
873 2365 982 2411 [cura
1013 2374 1158 2416 magna,
1192 2367 1237 2414 ut·
1269 2363 1518 2414 sentiendi
1549 2367 1658 2406 atque

167 2411 238 2443 elo
252 2423 336 2454 que
351 2414 426 2446 udi
450 2413 516 2458 (sic
540 2418 610 2458 Sp.
640 2417 682 2449 de
706 2414 815 2458 conj.‚·
842 2414 946 2448 Codd.
972 2408 1160 2455 loquendl)
1185 2418 1284 2452 prlor
1306 2413 1365 2461 ⁸.¹t.
1375 2409 1411 2451 9,
1437 2406 1474 2451 4,
1498 2407 1568 2446 147
1595 2405 1660 2451 Μ]

167 2456 264 2500 eloq.
307 2461 479 2501 quaedam
510 2461 731 2496 deverticula
767 2462 830 2502 10,
856 2462 896 2502 1,
917 2459 975 2493 29,
1009 2476 1058 2483 —
1090 2455 1259 2488 facultate
1291 2455 1416 2488 diviua
1445 2454 1596 2499 quadam
1623 2459 1663 2486 et

167 2502 360 2537 Homerica
400 2507 442 2540 ib.
485 2508 540 2541 81.
587 2518 663 2541 non
718 2516 897 2540 sensum
934 2508 1067 2544 mutat,
1090 2511 1233 2536 —verum
1276 2501 1429 2534 formam
1467 2500 1586 2543 eloq.
1621 2499 1661 2541 9,
1691 2517 1694 2519 *

167 2550 202 2590 3,
227 2547 285 2582 24.
312 2550 460 2595 vulgare
486 2554 581 2597 eloq.
609 2563 720 2600 genus
750 2554 806 2594 10,
831 2554 865 2592 1,
892 2551 948 2584 53.
977 2548 1177 2582 libertatem
1201 2547 1294 2590 eloq.
1322 2548 1377 2588 11,
1401 2549 1433 2578 2⁷
1458 2543 1516 2579 48.
1541 2545 1613 2578 elo
1623 2555 1662 2588 q.

168 2594 376 2629 observatio
405 2608 482 2639 opp.
508 2609 657 2632 rerum
683 2596 918 2642 perspicuitas
944 2597 979 2637 8,
1004 2597 1040 2635 2,
1064 2596 1121 2627 22.
1148 2594 1459 2644 eloq.-praecepta
1484 2592 1540 2632 10,
1568 2592 1603 2633 1,
1628 2592 1662 2624 1.

166 2640 259 2675 ratio
287 2641 381 2684 eloq.
407 2643 442 2683 2,
473 2645 507 2684 5,
531 2645 564 2678 9.
596 2647 638 2687 8,
663 2645 720 2678 ΡΥ.
754 2645 812 2679 28.
846 2643 941 2685 eloq.
963 2639 1140 2674 rationem
1173 2647 1370 2672 novissune
1395 2641 1580 2680 repertam
1604 2637 1663 2678 12,

168 2687 227 2721 Pr.
254 2688 290 2728 3,
313 2685 490 2720 rationem
516 2687 799 2724 inveniendi
830 2685 1162 2731 eloquendique
1196 2686 1260 2726 10,
1285 2683 1324 2723 5,
1356 2682 1408 2717 19.
1444 2681 1491 2723 cf.
1521 2684 1577 2723 12,
1605 2682 1664 2723 10,
1719 2718 1722 2722 ,

170 2735 228 2768 27.
253 2733 348 2776 eloq.
374 2743 453 2766 cum
487 2733 588 2767 firma
616 2735 788 2769 memoria
823 2739 859 2769 et
891 2743 973 2767 cum
996 2730 1168 2778 dignitate
1194 2727 1346 2763 actionis
1369 2726 1519 2762 scientia
1542 2728 1577 2770 5,
1605 2728 1664 2769 10,

171 2778 227 2813 54.
259 2779 511 2823 eloquendi
537 2781 712 2816 suavitate
739 2792 784 2815 an
808 2777 1140 2817 inventionum
1167 2773 1328 2810 acumine
1358 2775 1466 2818 1o,1,
1484 2774 1540 2809 83.
1567 2773 1662 2816 eloq.
1692 2800 1718 2834 ι,
