1728 3002
144 174 228 214 820
649 165 916 210 sententiola
944 192 1000 202 -—
1030 166 1178 210 Sentio

200 278 294 328 aptis'
314 281 502 318 excitanda
525 285 618 318 sent.
638 280 676 327 6,
701 282 735 325 1,
758 283 795 317 2.
820 281 936 317 bonae
961 285 998 316 et
1019 281 1134 317 malae
1158 291 1190 318 s.
1215 282 1253 327 8,
1279 281 1315 328 5,
1339 279 1396 318 14.
1418 281 1475 319 19.
1501 283 1560 319 32.
1593 284 1689 319 mul-

197 337 254 365 tae
277 331 314 364 in
341 340 385 364 eo
409 331 595 373 claraeque
621 340 652 362 s.
681 331 746 371 10,
773 331 813 372 1,
840 332 920 365 129.
955 339 1002 362 ne
1033 329 1181 363 crebrae
1209 330 1301 373 sint,
1333 340 1381 364 ne
1414 330 1687 374 palamssfalsaffi

198 378 321 421 quales
345 377 553 419 frequenter
575 376 618 418 ab
642 373 685 409 iis
717 375 905 418 dicuntur,
941 374 1002 419 qui
1024 375 1114 409 haec
1138 374 1323 409 καθολικὰ
1350 381 1483 411 vocant
1515 376 1563 421 8,
1582 377 1628 421 5,
1651 381 1687 412 7.

197 425 324 457 multas
355 433 383 455 s.
409 433 557 456 necesse
582 427 635 456 est
660 420 779 455 dicere
802 421 925 465 leves,
951 421 1116 467 frigidas,
1140 421 1277 465 ineptas
1305 423 1348 465 8,
1373 422 1499 465 5,,30.
1520 428 1577 467 Ἰσξη
1623 435 1689 457 an—

199 471 261 502 des
287 472 331 510 2,
360 470 422 511 11,
447 471 481 503 3.
506 479 610 512 quam
632 467 832 502 laetissimis
855 467 981 502 locis
1004 468 1347 512 sententiisque
1371 467 1550 502 dicentem
1595 471 1627 512 1,
1653 472 1689 512 1,

197 515 254 550 49.
279 524 425 560 magnas
455 520 568 548 sent.
600 519 636 548 et
659 525 733 548 res
769 515 879 547 bonas
910 513 1045 547 elidunt
1068 518 1111 557 2,
1142 516 1203 556 11,
1227 516 1264 548 7.
1291 525 1322 548 s.
1346 514 1483 549 otiosae
1507 517 1543 558 1,
1571 517 1605 558 1,
1629 516 1689 550 35.

198 561 389 606 populares
414 571 443 596 s.
470 562 505 603 5,
531 563 587 601 13,
610 559 668 595 42.
699 559 912 604 praecipites
938 561 1001 595 vel
1027 561 1200 594 obscurae
1225 570 1255 593 s.
1278 564 1315 603 7,
1341 564 1374 605 1,
1401 559 1458 593 44.
1486 571 1517 594 s.
1541 561 1690 604 pulchra

200 610 235 650 5,
262 609 318 649 10,
343 608 399 641 79.
423 606 529 640 utiles
554 606 649 640 circa
671 613 863 650 praecepta
886 617 916 645 s.
940 606 1023 650 (ap.
1050 607 1264 648 Hesiodum)
1291 609 1406 650 10,-1,
1430 609 1488 641 52.
1517 617 1600 641 cum
1623 618 1691 642 va-

197 648 290 687 lidae
316 658 389 685 tum
413 653 543 687 breves
572 653 827 696 vibrantesque
852 664 880 686 s.
909 655 975 695 10,
1002 654 1041 694 1,
1068 653 1126 687 60.
1164 650 1210 694 cf.
1237 654 1303 695 11,
1331 655 1374 695 3,
1402 655 1480 687 120.
1517 664 1585 687 nec
1618 652 1690 687 illis

198 699 420 734 vibrantibus
445 698 702 742 concitatisque
729 709 758 732 s.
783 699 884 732 velut
907 698 1097 732 missilibus
1119 704 1239 732 utetur
1263 701 1320 741 12,
1344 699 1379 741 9,
1405 701 1438 733 3.
1469 710 1559 744 quae
1581 705 1635 734 est
1658 711 1689 734 s.

198 757 248 780 ex
266 745 453 779 contrariis
471 747 506 788 8,
523 747 556 788 5,
574 746 610 780 9.
635 757 668 778 υ.
689 745 809 778 Enth
819 757 1005 789 ymema.
1052 745 1091 789 β)
1110 757 1171 787 per
1186 748 1330 786 singulos
1346 748 1470 787 Casus,
1495 746 1687 779 Nominat..-

197 804 227 826 ε.
255 788 354 835 ipsae
377 790 488 839 magis
513 790 690 834 eminent,
725 802 807 824 cum
832 791 952 825 omnia
982 790 1078 825 circa
1100 792 1180 825 illas
1203 790 1346 824 sordida
1375 797 1411 825 et
1441 791 1580 834 abjecta
1608 797 1690 825 sunt

197 841 234 880 2,
262 841 319 880 12,
343 841 378 872 7.
409 849 439 872 s.
469 839 551 871 dum
573 848 666 878 rem
693 837 911 878 contineant,
935 842 971 871 et
996 837 1199 881 copianon
1220 837 1434 879 redundent,
1458 843 1494 871 et
1512 838 1556 871 ad
1570 837 1691 872 victo-

196 885 287 919 riam
312 889 493 928 spectent,
516 883 595 928 quis
618 882 705 916 utile
734 883 865 929 neget?
890 883 1035 918 Feriunt
1059 882 1241 925 animum,
1263 888 1300 917 et
1322 893 1395 916 uno
1422 882 1496 918 ictu
1520 884 1693 927 frequenss·

196 936 253 965 ter
272 930 472 974 impellunt,
497 936 534 964 et
551 929 629 974 ipsa
644 929 819 964 brevitate
840 930 951 976 magis
966 930 1128 972 haerent,
1154 935 1190 963 et
1208 929 1444 964 delectatione
1464 930 1691 974 persuadent.

198 980 264 1020 12,
293 979 357 1019 10,
384 976 496 1011 48N.
517 983 548 1010 et
567 978 605 1009 S.
639 976 761 1022 augeri
797 976 928 1010 debent
958 987 987 1010 s.
1018 981 1055 1010 et
1088 975 1273 1023 insurgere
1301 977 1345 1018 9,
1369 974 1416 1019 4,
1443 977 1510 1018 23;
1554 977 1690 1011 Genu..-

197 1022 532 1058 sententiarum
556 1021 669 1068 gratia
691 1021 966 1056 verbosissimos
989 1023 1125 1057 locos
1158 1028 1341 1056 arcessunt
1364 1024 1406 1065 2,
1429 1020 1474 1065 4,
1497 1023 1555 1058 31.
1585 1021 1632 1064 cf,
1654 1023 1692 1066 8,

197 1070 241 1113 5,
270 1073 327 1103 21.
355 1067 476 1114 cupidi
508 1074 601 1103 sent.
624 1068 668 1112 5,
696 1070 762 1112 13,
789 1070 848 1103 31.
882 1070 972 1102 haec
994 1067 1105 1115 magis
1133 1078 1231 1102 nova
1252 1073 1342 1102 sent.
1368 1078 1513 1113 genera.
1553 1067 1612 1102 Ex
1633 1066 1690 1101 in-

196 1115 362 1159 opinato:
390 1117 434 1158 8,
459 1115 501 1157 5,
527 1115 583 1149 15.
609 1133 652 1141 —
678 1114 750 1148 alio
782 1116 894 1148 relata
921 1117 966 1149 ib.
990 1115 1043 1149 16.
1067 1134 1116 1140 —
1146 1113 1288 1148 aliunde
1313 1114 1422 1158 petita
1447 1117 1492 1148 ib.
1518 1115 1574 1150 17.
1599 1125 1692 1158 quae

198 1161 273 1196 Cic.
296 1161 390 1196 inter
410 1161 546 1194 lumina
568 1158 688 1204 posuit
710 1161 965 1194 sententiarum
989 1161 1025 1203 9,
1049 1162 1083 1203 2,
1109 1162 1188 1194 102.
1221 1172 1256 1195 v.
1275 1160 1461 1195 Lumen.
1484 1162 1576 1194 haec
1597 1171 1691 1205 quae

196 1208 380 1241 affectatur
410 1207 501 1241 ratio
536 1211 627 1240 sent.
664 1209 709 1240 ib.
744 1208 803 1242 78.
847 1207 906 1242 De
938 1206 1189 1241 sententiarum
1233 1205 1423 1252 generibus
1455 1207 1499 1249 8,
1534 1205 1622 1250 cap.
1646 1208 1689 1249 53

195 1256 302 1287 Dat„-
331 1251 416 1296 ipsis
440 1263 470 1286 s.
493 1252 648 1295 adjicere
671 1252 867 1286 oratorium
889 1254 1000 1287 robur
1023 1255 1087 1296 10,
1110 1253 1152 1295 5,
1179 1250 1205 1285 4
1222 1253 1296 1294 N.‚·
1326 1255 1511 1286 Accusata
1537 1263 1583 1286 ne
1606 1263 1690 1296 pas-

194 1299 261 1331 sim
286 1303 322 1332 et
346 1309 366 1331 a
390 1308 603 1342 quocunque
628 1297 790 1331 dicantur
809 1300 845 1340 8,
864 1298 899 1341 5,
920 1301 956 1332 7.
979 1309 1047 1332 nec
1070 1299 1197 1331 multas
1219 1297 1382 1341 plerique
1405 1309 1456 1341 s.,
1484 1299 1548 1332 sed
1568 1297 1695 1332 omnia'

194 1349 361 1387 tanquam
385 1355 415 1378 s.
443 1343 566 1378 dicunt
592 1345 637 1377 ib.
661 1345 720 1376 32.
748 1342 793 1383 cjl
822 1344 877 1378 19.
908 1345 965 1382 3oe
993 1342 1125 1390 frigida
1149 1348 1186 1376 et
1207 1343 1354 1386 puerilis
1377 1343 1416 1376 in
1438 1343 1572 1378 scholis
1599 1344 1690 1378 affe-

193 1391 322 1433 ctatio,
346 1395 385 1423 ut
407 1388 485 1433 ipse
510 1388 677 1423 transitus
701 1388 832 1422 efficiat
855 1387 1010 1432 aliquam
1035 1401 1067 1422 s.
1091 1387 1128 1431 4,
1154 1391 1188 1431 1,
1211 1391 1270 1423 77.
1295 1389 1382 1423 facit
1405 1391 1528 1433 quasd.
1553 1401 1585 1424 s.
1609 1391 1688 1424 sola

193 1435 386 1482 geminatio
409 1438 445 1478 8,
471 1435 507 1478 5,
531 1436 587 1470 18.
610 1446 639 1468 s.
661 1433 845 1469 vibrantes
871 1434 989 1480 digitis
1013 1434 1212 1478 jaculantur
1235 1436 1291 1477 11,
1312 1436 1348 1477 3,
1375 1437 1455 1470 120.
1479 1435 1510 1470 si
1529 1435 1567 1470 in
1589 1437 1687 1469 clau-

191 1483 270 1516 sula
297 1488 334 1516 et
358 1483 460 1516 calce
482 1479 734 1525 pronuntietur
759 1480 822 1523 (s.)
846 1482 882 1524 8,
910 1481 945 1524 5,
968 1482 1033 1523 3ος
1070 1482 1212 1515 Amat..-
1239 1481 1405 1515 Lucanus
1428 1500 1474 1507 -
1501 1482 1688 1516 sententiis

193 1527 406 1563 clarissimus
428 1530 484 1570 10,
510 1530 543 1570 1,
570 1528 628 1562 90.
652 1526 711 1560 vir
734 1532 824 1560 sent.
850 1526 975 1560 creber
997 1529 1042 1561 ib.
1066 1528 1147 1560 102.
1173 1531 1265 1561 sent.
1290 1528 1422 1561 densus
1445 1530 1490 1562 ib.
1507 1529 1567 1562 68.
1592 1534 1686 1562 sent.

194 1574 306 1608 dulcis
334 1575 484 1617 (medius
514 1574 631 1606 modus
653 1569 734 1615 dic.)
763 1575 826 1614 12,
855 1575 921 1615 10,
951 1572 1008 1607 60.
1043 1576 1136 1606 sent.
1164 1573 1338 1615 populare
1363 1574 1410 1616 8,
1433 1575 1476 1616 3,
1504 1577 1561 1618 112.
1591 1580 1687 1609 sent.

190 1624 379 1665 poetarum
413 1629 489 1654 non
522 1618 702 1653 orationes
733 1619 843 1652 modo
873 1618 1031 1653 refertae
1062 1618 1127 1652 sed
1149 1617 1232 1652 libri
1257 1618 1363 1652 etiam
1389 1619 1687 1664 philosophorum

191 1670 232 1709 5,
257 1669 318 1708 11,
348 1667 407 1701 39.
439 1664 501 1710 qui
527 1669 651 1699 carent
677 1665 815 1698 cultu
840 1668 946 1708 atque
970 1663 1243 1699 sententiis
1267 1666 1332 1707 10,
1354 1667 1398 1708 2,
1425 1667 1480 1701 17.
1510 1666 1687 1700 sententia

188 1713 291 1748 velut
313 1712 497 1759 fatigatum
519 1710 720 1746 intentione
745 1712 969 1757 stomachum
991 1709 1120 1756 judicis
1146 1710 1296 1746 reficere
1317 1708 1362 1755 4,
1383 1713 1428 1756 2,
1452 1713 1532 1757 121.
1563 1724 1599 1749 ,v-
1614 1711 1687 1746 Fi-

190 1770 313 1807 gura.
1452 1793 1461 1800 ,
1522 1793 1527 1800 ,
1655 1780 1658 1782 -

143 1802 423 1846 sententiola·
454 1813 688 1850 sententiolae
712 1812 824 1861 gratia
847 1812 942 1857 jurat
964 1812 1000 1856 9,
1027 1814 1065 1857 2,
1093 1812 1152 1849 98.
1179 1811 1346 1850 verbis
1371 1811 1479 1848 etiam
1499 1813 1562 1849 vel
1586 1816 1687 1849 se'n-

187 1861 411 1896 tentiolis
450 1861 616 1895 omnibus
651 1861 941 1905 respondendum
973 1863 1100 1903 putant
1132 1859 1175 1904 5,
1215 1862 1283 1902 13,
1318 1861 1378 1895 37.
1414 1859 1685 1895 sententiolisne
1723 1871 1728 1875 ·

186 1908 344 1942 flendum
367 1906 435 1942 erit
458 1910 522 1952 11,
547 1910 566 1941 1
581 1933 593 1952 ,
617 1906 675 1943 52.
705 1918 819 1955 genus
850 1905 1015 1950 dicendi,
1050 1906 1147 1951 quod
1174 1905 1372 1951 puerilibus
1400 1917 1431 1940 s.
1458 1905 1602 1943 lascivit
1625 1909 1682 1950 12,

188 1958 205 1988 1
283 1958 316 1988 ’“.
333 1978 342 1988 .

140 1956 333 2042 881ῗᾶῃέὶῖ
381 2020 413 2044 s.
437 2007 529 2055 reip.
555 2009 624 2044 Cic.
647 2010 693 2054 8,
714 2008 758 2053 6,
784 2007 842 2044 15.

141 2057 298 2099 Sentis.
343 2071 463 2101 sentes
490 2077 534 2101 ac
557 2068 684 2101 dumos
706 2066 741 2110 5,
765 2068 823 2111 11,
845 2063 903 2100 24.
935 2076 971 2100 v.
987 2064 1156 2100 Rubus.

140 2113 302 2156 Senlio·
348 2122 390 2167 1)
413 2125 456 2158 de
479 2136 638 2169 corpore.-
664 2133 764 2166 vox,
789 2134 895 2167 quam
917 2121 1086 2156 sentimus
1108 2125 1141 2164 1,
1160 2123 1194 2165 7,
1215 2120 1275 2156 26.
1299 2119 1377 2156 vim
1400 2119 1576 2156 sentiendi
1599 2122 1681 2166 pul-

184 2182 245 2204 sus
270 2181 447 2205 venarum
469 2173 511 2213 7,
537 2172 599 2212 10,
626 2172 682 2204 10.
712 2180 815 2202 aures
841 2170 948 2213 plena
970 2167 1204 2211 sentiunt,
1230 2173 1266 2201 et
1287 2179 1413 2212 parum
1438 2169 1585 2212 expleta
1608 2169 1680 2202 de·-

184 2216 405 2250 siderant
427 2217 472 2260 9,
493 2215 539 2260 4,
566 2216 645 2251 116.
691 2215 743 2256 II)
770 2216 813 2248 «le
833 2217 960 2248 animo:
985 2225 1019 2248 v.
1041 2213 1163 2248 Scio.
1210 2213 1249 2257 α)
1273 2217 1489 2258 simpliciter..-
1513 2219 1554 2247 ut
1575 2225 1678 2247 sen-

182 2262 252 2296 tio
279 2261 375 2296 enim
400 2262 516 2296 (licam
543 2262 588 2305 5,
614 2264 682 2304 12,
705 2262 764 2295 20.
787 2265 828 2294 ut
851 2270 920 2306 ego
941 2259 1082 2304 quidem
1106 2258 1222 2293 sentio
1249 2260 1293 2303 9,
1317 2258 1364 2304 4,
1390 2261 1445 2295 18.
1472 2264 1511 2293 ut
1533 2258 1677 2303 quidam
1719 2275 1726 2287 ι

182 2307 340 2342 sentiunt
364 2310 402 2351 7,
427 2310 462 2351 3,
488 2310 544 2342 12.
570 2306 602 2342 si
625 2306 730 2341 aliter
751 2305 921 2341 sentirem
945 2308 1002 2348 12,
1031 2309 1066 2347 1,
1092 2307 1149 2339 21.
1172 2304 1233 2350 qui
1262 2311 1434 2340 contra
1458 2304 1676 2340 sentiant
1719 2333 1728 2342 .

180 2358 216 2387 et
241 2355 575 2389 adversentur
598 2355 646 2395 3,
671 2356 711 2396 1,
735 2352 772 2388 5.
796 2351 841 2392 cfi
863 2353 1001 2393 2,⁷17,
1024 2350 1082 2384 40.
1108 2350 1188 2395 qui,
1226 2350 1256 2384 si
1285 2351 1357 2386 hoc
1388 2351 1573 2391 dicunt,
1598 2361 1674 2385 non
1708 2348 1718 2360 “

182 2399 263 2442 diu,
291 2411 410 2444 neque
442 2404 483 2434 ut
514 2398 553 2434 in
583 2399 748 2445 epilogo,
784 2408 924 2432 mecum
947 2395 1165 2431 sentiunt
1187 2395 1233 2439 4,
1259 2399 1305 2440 2,
1339 2398 1418 2431 111.
1453 2406 1544 2441 quos
1574 2402 1674 2430 recte

181 2444 424 2488 sensisse,
446 2455 572 2490 parum
596 2446 811 2480 elocutos
835 2448 923 2487 puto
950 2444 992 2485 3,
1018 2443 1062 2483 6,
1084 2442 1120 2475 4.
1146 2441 1191 2483 cf.
1215 2445 1250 2483 2,
1276 2443 1333 2485 15,
1359 2444 1418 2477 37.
1445 2441 1574 2486 etjam
1595 2451 1673 2476 non

180 2490 374 2526 sentientes
395 2492 550 2526 formam
574 2490 747 2524 orationis
770 2489 888 2533 illam,
914 2499 1020 2533 quam
1042 2493 1162 2522 mente
1184 2487 1327 2532 penitus
1354 2486 1579 2538 acceperint,
1603 2497 1672 2520 ex-

177 2534 331 2578 priment
357 2540 402 2580 2,
424 2540 447 2572 7
461 2563 473 2580 ,
496 2539 531 2572 3.
559 2542 685 2571 contra
707 2534 900 2571 sentientes
927 2536 968 2578 3,
991 2535 1035 2577 8,
1059 2534 1116 2570 69.
1140 2533 1179 2568 in
1203 2532 1363 2568 oratione
1386 2543 1462 2568 non
1482 2533 1671 2566 sentienti-

178 2580 245 2613 bus
267 2582 371 2614 nobis
395 2582 553 2616 omnium
602 2594 750 2617 enerum
774 2581 941 2615 excidant
961 2591 1089 2616 versus
1115 2580 1159 2622 9,
1182 2578 1225 2623 4,
1249 2581 1307 2614 52.
1342 2590 1426 2614 cura
1449 2587 1595 2624 magna,
1629 2584 1668 2612 ut

179 2626 417 2660 sentiendi
441 2634 511 2672 atq.
546 2593 806 2673 efoquendi
835 2627 968 2668 (codd.
1003 2624 1197 2670 loquendi)
1231 2625 1330 2668 prior
1359 2624 1405 2657 sit
1438 2625 1483 2666 9,
1517 2622 1558 2666 4,
1585 2622 1664 2659 147.

175 2670 219 2713 β)
243 2683 273 2703 c.
297 2675 480 2707 Accusat.-
517 2674 728 2708 sententiam
752 2678 916 2715 veteres,
940 2673 1036 2716 quod
1061 2672 1179 2706 animo
1203 2669 1419 2711 sensissent,
1442 2676 1667 2704 vocaverunt

174 2721 209 2758 ὅ,
235 2718 270 2758 5,
297 2720 328 2750 1.
353 2727 513 2759 nosse,
539 2718 624 2763 quid
648 2719 798 2764 quisque
827 2717 1042 2752 senserit
1066 2720 1129 2757 12,
1154 2718 1196 2758 3,
1221 2716 1259 2750 8.
1282 2714 1391 2763 ‘’s-,52
1419 2715 1474 2756 13,
1496 2714 1554 2748 60.
1578 2716 1665 2758 quid
1709 2712 1728 2758 ..¹

175 2761 326 2797 senserit
346 2761 436 2808 tegis
459 2764 674 2800 constitutor
694 2767 734 2808 3,
757 2764 803 2808 6,
826 2764 883 2798 43.
908 2763 1023 2807 judex
1046 2762 1132 2808 quid
1155 2760 1357 2804 sentiat,
1393 2761 1525 2798 sedens
1545 2762 1665 2797 adhuc
1711 2760 1728 2805 ἰ’

1701 2855 1718 2890 ‚i
