1728 3002
138 221 219 261 318
667 214 858 259 Extraho
899 239 951 248 —
990 214 1153 260 Exulto

154 368 158 369 ⁷
181 337 287 369 extra
309 339 451 367 carmen
475 340 551 366 non
578 330 824 376 deprehendas
853 333 895 377 1,
919 329 960 376 5,
984 332 1042 368 18.
1073 330 1222 368 uberior
1243 334 1385 380 semper
1405 338 1510 371 extra
1532 345 1676 371 causam

180 379 330 414 materia
354 384 428 422 est,
457 379 540 423 quia
567 378 604 412 in
629 378 878 412 controversia
899 390 1013 423 pauca
1036 386 1138 424 sunt,
1173 386 1279 416 extra
1311 383 1431 418 omnia
1462 385 1503 426 3,
1529 385 1591 427 11,
1614 385 1675 418 25.

183 426 228 468 cf.
255 429 296 469 5,
320 429 365 468 7,
393 427 447 461 19.
489 425 519 458 si
548 430 653 459 extra
677 436 821 458 causam
846 424 891 458 sit
918 426 1109 460 adductum
1142 426 1200 470 (a.
1226 431 1249 461 1.
1277 427 1324 462 sit
1349 434 1385 462 et
1407 428 1513 473 add.)
1544 429 1585 472 5,
1617 431 1674 472 13,

185 475 242 507 10.
263 473 309 507 Ν.
332 485 379 506 cr.
415 476 520 506 extra
549 483 692 505 causam
717 471 874 505 dicturos
900 470 934 515 4,
958 475 991 515 1,
1017 471 1073 506 34.
1111 472 1142 506 si
1165 473 1259 508 nihil.
1278 480 1384 508 extra
1407 486 1548 509 causam
1573 475 1676 509 dixe-

183 519 295 553 rimus
319 517 363 561 4,
389 520 434 561 2,
460 516 518 552 40.
563 528 654 562 quae
687 518 749 552 vel
773 523 875 552 extra
900 529 1043 551 causam
1069 530 1118 554 ex
1141 519 1305 564 personis
1327 537 1373 544 —·
1397 521 1595 568 largiantur
1618 524 1675 564 12,

183 567 220 609 8,
244 568 277 599 2.
313 575 403 609 quae
429 563 601 608 (persona)
629 568 734 598 extra
759 563 949 598 discrimen
975 564 1096 608 judicii
1123 572 1176 599 est
1199 570 1240 610 7,
1266 569 1310 610 2,
1335 567 1368 602 9.
1405 573 1511 601 extra
1535 567 1675 601 dubita-

181 612 317 646 tionem
340 616 394 644 est
418 614 452 654 7,
479 613 511 654 1,
538 609 595 645 48.
620 621 694 644 non
717 612 834 644 solum
858 616 963 645 extra
984 611 1127 654 iudicia,
1153 614 1215 646 sed
1239 612 1278 646 in
1299 612 1386 657 ipsis
1411 613 1518 648 etiam
1541 613 1678 648 oratio-

184 659 289 693 nibus
313 657 358 699 6,
383 658 427 699 3,
452 658 484 691 3.
522 663 627 691 extra
651 657 813 690 ordinem
837 669 1035 691 excurrens
1061 658 1223 693 tractatio
1247 658 1293 702 4,
1321 661 1364 702 3,
1390 659 1447 694 14.
1473 672 1507 694 v.
1534 660 1677 694 Ordo.

183 704 284 749 (vox)
307 714 422 748 paene
447 709 549 737 extra
573 714 745 749 organum
771 705 826 746 11,
850 706 884 746 3,
911 704 989 739 169.
1024 710 1127 737 extra
1150 705 1406 750 praescriptum
1435 706 1556 752 egredi
1585 709 1618 748 1,
1645 709 1678 748 1.

182 754 240 786 27.
278 755 381 784 extra
410 750 589 795 naturales
622 748 849 793 quaestiones
878 753 920 792 7,
946 753 990 793 2,
1015 753 1046 784 7.
1084 762 1175 795 quae
1199 757 1281 785 sunt
1305 758 1407 786 extra
1433 751 1679 796 quaestionem

181 794 422 832 contentionis
449 798 506 838 11,
530 798 564 838 3,
592 795 670 832 164.
702 796 952 840 probationes,
977 808 1064 840 quas
1090 803 1194 831 extra
1216 798 1359 832 dicendi
1381 798 1558 832 rationem
1582 797 1679 832 acci-

180 849 283 888 peret
307 843 342 885 5,
367 845 400 884 1,
425 844 457 876 1.
493 853 583 886 quae
607 847 682 876 tota
706 849 808 877 extra
834 853 910 876 rem
937 842 1046 887 petita
1064 849 1145 877 sunt
1171 842 1207 887 4,
1224 846 1259 887 2,
1279 845 1337 879 89.
1378 855 1423 878 ne
1448 846 1550 878 color
1572 850 1677 879 extra

182 891 340 924 themata
365 894 557 932 quaeratur
580 890 622 922 ib.
649 889 706 924 91.
760 887 803 931 11)
834 890 952 925 Adv..·
988 889 1059 923 sint
1084 895 1186 924 extra
1211 890 1296 924 licet
1321 901 1406 924 usus
1430 889 1551 925 bellici
1575 889 1619 934 (i.
1645 903 1676 923 e.

185 939 455 970 omittantur
478 947 586 967 sane
614 934 680 978 Ζ.)
716 937 748 978 1,
779 937 834 978 10,
862 933 918 969 48.
958 934 1077 970 omnia
1101 947 1190 980 quae
1214 941 1298 970 sunt
1324 942 1426 971 extra
1453 939 1508 979 10,
1535 939 1569 980 1,
1597 937 1678 972 119.

183 982 228 1024 cs.
253 984 287 1025 3,
313 985 368 1024 11,
393 981 450 1015 25.
478 981 522 1014 ad
545 992 686 1014 causum
711 986 815 1015 extra
839 980 994 1025 pertinet
1017 988 1155 1026 tempus
1185 989 1246 1016 etc.
1275 981 1311 1026 4,
1336 985 1369 1026 1,
1393 983 1448 1017 31.
1466 983 1511 1017 ad
1535 993 1679 1017 cansam

182 1034 286 1064 extra
318 1027 526 1062 arcessitum
562 1028 604 1070 5,
638 1030 702 1070 12,
735 1026 770 1061 4.
815 1033 922 1061 extra
953 1028 1063 1073 petita
1096 1029 1137 1070 5,
1164 1031 1228 1072 11,
1255 1027 1315 1063 44.
1355 1034 1417 1063 ant
1446 1040 1495 1064 ex
1523 1039 1677 1073 corpore

185 1076 260 1117 eius
285 1092 330 1098 —-
358 1079 418 1107 aut
442 1085 492 1108 ex
518 1073 637 1107 animo
666 1091 709 1098 —
743 1078 804 1107 aut
827 1085 873 1107 ex
898 1072 973 1117 his,
999 1085 1089 1119 quae
1114 1080 1196 1108 sunt
1225 1081 1329 1109 extra
1356 1075 1473 1120 posita
1497 1075 1532 1117 6,
1559 1077 1595 1117 3,
1618 1077 1676 1110 37.

183 1122 222 1155 in
250 1132 319 1165 qua
347 1118 628 1163 (deprecatione)
652 1119 842 1164 plurimum
867 1122 1011 1163 valent,
1049 1132 1108 1154 ex
1131 1119 1253 1166 ipso,
1288 1120 1349 1166 qui
1371 1133 1454 1156 reus
1478 1127 1535 1156 est
1566 1139 1613 1149 --
1645 1120 1677 1155 si

181 1168 358 1202 innocens
384 1174 468 1209 etc-‚-
496 1171 655 1208 extra,
686 1166 852 1200 nobilitas
878 1173 938 1200 etc.
965 1170 1003 1210 7,
1026 1165 1061 1210 4,
1087 1167 1142 1201 18.

136 1211 344 1256 Extraho.
407 1221 447 1264 Ι)
495 1223 678 1266 quomodo
713 1242 760 1248 —
800 1222 957 1268 gladium
991 1234 1011 1257 e
1049 1225 1200 1258 vulnere
1235 1222 1437 1258 extraxerit
1469 1222 1515 1268 4,
1545 1226 1589 1268 2,
1619 1224 1675 1258 13.

181 1272 230 1312 11)
263 1271 399 1302 transl..-
432 1268 540 1301 rebus
570 1268 672 1302 velut
695 1278 745 1301 ex
770 1269 873 1301 turba
900 1268 1071 1302 extractis
1102 1268 1144 1311 4,
1169 1269 1209 1311 5,
1234 1272 1277 1302 22
1300 1282 1310 1311 ;
1353 1271 1377 1303 ἰ.
1402 1283 1433 1316 q.
1459 1272 1675 1315 produco.-

182 1317 251 1350 hae
276 1312 466 1357 (materiae)
492 1313 530 1346 in
558 1312 735 1346 infinitum
760 1319 842 1347 sunt
870 1315 1115 1348 extrahendae
1139 1312 1175 1357 4,
1202 1316 1236 1358 1,
1258 1313 1317 1348 43.

135 1361 376 1404 Exn-arius.
423 1371 488 1403 sub
514 1369 739 1406 extrario
769 1370 821 1411 (a.
841 1374 863 1404 l.
887 1369 1078 1410 extraneo)
1102 1376 1309 1404 accusatore
1337 1375 1373 1405 et
1394 1370 1679 1419 legibus‘agente

182 1432 261 1464 opp.
286 1417 324 1451 in
351 1416 631 1451 domesticis
660 1415 976 1460 disceptationibus
999 1419 1043 1459 7,
1065 1413 1101 1458 4,
1126 1416 1160 1450 9.
1193 1421 1253 1449 aut
1275 1415 1313 1449 in
1339 1416 1592 1452 extrariam
1617 1424 1677 1453 aut

180 1465 220 1500 in
242 1464 288 1509 ip
301 1475 317 1497 s
330 1463 411 1507 ius,
439 1463 499 1508 qui
516 1462 634 1507 periit,
655 1464 878 1497 voluntatem
892 1465 927 1505 7,
945 1465 979 1505 2,
996 1462 1030 1498 9.
1050 1460 1095 1502 cs.
1114 1464 1178 1495 Do
1191 1463 1322 1496 ederz.
1348 1464 1442 1506 Syn.
1461 1464 1524 1498 1V.
1541 1476 1576 1509 p.
1596 1466 1678 1501 387.

136 1509 413 1554 Extremitas.
472 1520 568 1554 idem
593 1520 744 1564 spatium
769 1518 1113 1562 extremitatis,
1147 1519 1211 1553 sed
1232 1520 1345 1554 multo
1373 1520 1522 1564 amplius
1555 1523 1680 1556 clau-

181 1579 259 1604 sae
294 1572 462 1611 quattuor
490 1566 594 1600 lineis
627 1577 763 1600 areae
794 1565 932 1600 faciunt
964 1568 1006 1609 1,
1035 1567 1102 1610 10,
1127 1564 1195 1609 43;
1230 1565 1322 1600 intra
1343 1566 1410 1600 has
1433 1567 1678 1603 extremitates

182 1613 323 1649 mediae
348 1618 430 1647 sunt
454 1612 593 1657 species
619 1615 675 1655 11,
700 1614 735 1656 3,
762 1612 818 1648 15.

135 1661 430 1704 Extrinsecus·
478 1668 671 1714 acquisitae
696 1674 789 1703 extr.
814 1666 893 1713 opis
915 1670 962 1710 2,
988 1667 1045 1711 16,
1071 1668 1128 1702 13.
1161 1679 1253 1712 quae
1277 1672 1371 1702 extr.
1399 1668 1623 1705 adducuntur
1640 1669 1679 1706 in

182 1729 326 1753 causam
350 1718 391 1759 5,
420 1717 482 1759 11,
507 1718 540 1752 1.
565 1727 599 1749 υ.
626 1715 692 1749 Ad
704 1716 830 1749 duco.
869 1714 1058 1748 adhibetur
1080 1719 1175 1748 extr.
1198 1714 1236 1748 in
1259 1725 1402 1748 causam
1427 1720 1464 1749 et
1485 1716 1679 1761 auctoritas

182 1765 218 1808 5,
243 1767 306 1807 11,
329 1763 387 1797 36.
418 1762 510 1796 haec
538 1761 673 1796 auxilia
702 1767 796 1798 extr.
820 1761 1034 1795 adhibentur
1061 1762 1124 1803 10,
1148 1761 1191 1803 3,
1221 1762 1253 1794 1.
1288 1765 1380 1795 extr.
1406 1761 1620 1803 adiuvantur
1641 1763 1678 1807 5,

181 1812 218 1854 9,
246 1812 301 1848 11.
339 1820 398 1843 res
421 1813 515 1842 extr.
542 1813 697 1842 arcesset
721 1809 764 1851 8,
789 1808 832 1851 3,
858 1809 916 1841 30.
950 1807 1083 1840 factum
1107 1817 1187 1850 per
1210 1805 1517 1851 se‘improbabile
1541 1819 1679 1843 assum-

182 1858 228 1892 tis
253 1855 559 1891 extrinsecus
581 1854 725 1889 auxiliis
750 1859 889 1887 tuemur
912 1856 957 1896 7,
980 1851 1025 1896 4,
1050 1855 1086 1887 7.
1116 1852 1313 1887 verborum
1335 1852 1464 1899 gratia,
1498 1865 1604 1898 quam
1631 1854 1678 1890 in

184 1902 302 1948 ipsis
327 1911 401 1935 non
423 1901 618 1943 habemus,
646 1899 955 1935 extrinsecus
979 1897 1180 1932 condienda
1202 1904 1256 1933 est
1283 1901 1339 1942 12,
1364 1900 1420 1941 10,
1445 1900 1491 1934 38
1515 1901 1562 1935 N.
1603 1900 1678 1936 dis-

183 1947 342 1985 cutiendi
371 1946 520 1990 alicujus
548 1952 638 1980 extr.
666 1946 824 1980 criminis
852 1944 887 1987 4,
912 1948 947 1988 2,
973 1946 1029 1980 18.
1067 1955 1195 1978 causae
1218 1944 1498 1980 intervenientes
1523 1951 1614 1982 extr.
1640 1949 1677 1992 3,

180 1999 222 2039 8,
248 1997 304 2030 18.
351 1999 446 2028 extr.
475 1992 689 2037 pertinentia
719 1993 765 2027 ad
796 1991 1090 2027 deliberationem
1117 1992 1162 2024 ib.
1191 1993 1248 2025 11.
1279 1992 1351 2026 hoc
1372 2001 1450 2026 non
1472 1997 1568 2028 extr.
1592 1992 1680 2038 pro'-

182 2044 287 2078 batur
317 2042 360 2084 5,
396 2041 462 2083 ιο,
498 2039 582 2074 118.

136 2089 318 2132 Exti-uo.
377 2097 532 2141 tumulo,
566 2106 674 2142 quem
708 2098 946 2131 extruxerant
981 2096 1004 2129 7
1015 2118 1026 2137 ,
1050 2094 1097 2138 3,
1120 2094 1180 2128 31.
1218 2102 1330 2138 opera
1361 2093 1609 2128 exn-uentibus
1639 2097 1675 2139 7,

136 2147 355 2255 Exi-unidu-
413 2197 509 2280 glios
542 2195 757 2243 (discentes)
792 2195 1014 2232 continuatio
1046 2194 1233 2241 extundit,
1259 2195 1299 2230 in
1322 2194 1399 2231 aliis
1422 2195 1503 2242 plus
1525 2195 1677 2242 impetus

136 2248 389 2335 Εὲῗὲεἰόῗ,
410 2267 482 2336 hoc
510 2300 739 2336 exuberantis
764 2299 907 2345 quidem
930 2305 985 2334 est
1011 2298 1130 2344 operis
1157 2300 1213 2342 10,
1237 2296 1271 2341 5,
1298 2299 1344 2332 1.·

137 2351 353 2392 EXUCCUS·
400 2358 491 2394 aridi
514 2364 550 2393 et
573 2358 705 2394 exucci
727 2364 764 2392 et
787 2352 969 2404 exangues
994 2353 1176 2400 (oratores)
1201 2357 1257 2398 12,
1283 2356 1339 2398 10,
1366 2353 1423 2390 15.

138 2405 268 2448 Exul.
327 2416 392 2450 tibi
424 2416 508 2450 illos
545 2413 763 2460 (adulteros)
799 2425 873 2448 non
905 2413 1005 2448 licuit
1037 2411 1227 2454 occidere,
1261 2413 1368 2446 exul
1394 2410 1491 2446 enim
1514 2421 1592 2446 eras
1615 2417 1676 2446 ant

183 2462 528 2508 ignominiosus
563 2465 608 2504 7,
635 2465 680 2505 1,
703 2462 726 2495 8
749 2461 798 2494 Ν.
836 2471 882 2494 an
903 2458 1042 2505 possint
1064 2459 1159 2492 bona
1181 2468 1262 2492 esse
1292 2458 1364 2492 ulla
1395 2457 1514 2492 exulis
1547 2460 1592 2492 ib.
1616 2459 1672 2493 57.

185 2510 248 2542 lex
277 2509 321 2541 ad
345 2509 470 2541 exules
495 2508 594 2541 nulla
617 2507 773 2551 pertinet
799 2508 844 2540 ib.

136 2552 296 2597 Exulo.
367 2563 580 2607 proditionis
624 2565 808 2597 damnatus
851 2572 932 2596 cum
967 2561 1144 2595 advocato
1180 2561 1316 2598 exulet·
1339 2559 1381 2604 5,
1417 2561 1484 2602 10,
1516 2560 1596 2593 107.
1638 2561 1674 2604 7,
1718 2589 1728 2601 f

187 2614 220 2654 1,
244 2610 302 2644 42.
341 2619 388 2642 an
414 2609 637 2653 exulaverit,
664 2610 725 2654 qui
749 2607 844 2643 domi
871 2606 973 2641 latuit
994 2609 1029 2650 3,
1053 2607 1088 2650 6,
1111 2606 1169 2642 25.

138 2654 375 2699 ExultatiO·
429 2676 510 2698 cum
533 2666 704 2700 indecora
730 2665 952 2701 exultatione
976 2665 1200 2698 conclamant
1222 2642 1259 2704 2,
1280 2663 1315 2704 2,
1341 2662 1400 2694 12.

138 2711 313 2757 Exulto.
371 2721 412 2763 a)
439 2726 551 2755 transl.
567 2737 577 2756 .-
614 2723 787 2766 quaedam
810 2720 1112 2768 transgressiones
1134 2737 1180 2743 -·-
1203 2716 1461 2761 compositione
1484 2713 1592 2768 (synt)
1614 2715 1672 2767 yi-

184 2771 319 2812 tiosae,
351 2778 442 2812 quae
468 2767 507 2801 in
530 2768 601 2801 hoc
624 2767 739 2811 ipsum
761 2773 951 2813 petuntur,
979 2772 1019 2800 ut
1040 2765 1256 2799 exultent
1278 2768 1384 2815 atque
1407 2763 1670 2813 lasclvlant

185 2818 231 2862 9,
253 2815 300 2860 4,
321 2814 380 2870 253.
418 2814 564 2858 breves,
596 2811 627 2847 si
651 2813 853 2848 miscentur
872 2823 954 2847 cum
981 2810 1190 2857 quibusdam
1210 2810 1352 2856 longus,
1385 2812 1615 2851 currunt,
1640 2817 1667 2839 s·
