1728 3002
107 143 131 179 8

623 133 813 190 Accinge
842 157 898 164 -
929 132 1103 187 Accipio

151 261 300 294 rumque
334 247 484 291 accidit,
519 254 558 283 111
594 253 629 292 2,
657 250 693 291 3,
723 250 758 284 8.
786 247 900 282 acoid.
932 245 1075 282 interim
1099 245 1171 280 hoc
1202 255 1364 290 quoque,
1396 249 1440 280 ut
1457 242 1495 289 4,
1516 247 1549 286 1,
1572 247 1615 282 18

154 295 200 337 cs.
223 298 280 338 10,
303 297 338 338 7,
361 296 420 329 32.
445 295 510 329 sed
534 305 556 328 e
583 294 760 329 contrario
784 303 925 338 quoque
951 303 1041 335 acc„
1065 296 1105 326 ut
1129 294 1184 334 10,
1199 293 1232 333 1,
1257 291 1313 330 18.
1341 290 1539 336 aomuitque
1559 292 1629 333 his,

154 347 194 375 ut
219 343 276 383 10,
300 343 332 382 1,
355 340 432 382 25.;
479 344 577 375 semel
596 342 744 381 Instruit„-
769 351 814 374 an
837 339 890 373 illi
915 338 1071 382 accidat,
1093 337 1175 374 viro
1200 337 1296 371 bono
1319 347 1398 371 esse
1421 338 1484 372 vel
1505 339 1627 386 malo?

156 390 191 427 3.
216 387 253 429 6,
277 387 334 421 56.
394 385 430 429 (1)
450 387 600 430 jungitur
628 399 702 425 cum
724 387 902 419 Panic-ulis
933 386 1142 418 causalibus.-
1177 383 1280 417 hino
1306 382 1473 422 accidunt
1494 388 1534 418 et
1555 384 1630 429 oris

154 433 306 477 plurima
328 431 415 467 vitia
440 435 474 474 1,
502 435 536 475 1,
567 434 623 466 13.
656 431 763 466 hinc
795 430 923 466 accidit
953 429 1124 464 dubitatio
1155 436 1218 463 etc.
1249 429 1328 475 plus
1352 438 1459 474 quam
1482 435 1633 473 possunt

158 478 367 513 audentibus
392 479 435 511 ib.
460 480 517 512 32.
549 477 657 511 hinc
689 487 775 524 ergo
804 476 952 519 accidit,
981 482 1022 510 ut
1048 479 1084 518 2,
1113 478 1147 519 1,
1169 477 1204 510 3.
1257 475 1363 521 Quod
1393 473 1538 519 quidam
1565 487 1633 520 pu-

158 528 234 558 tant
255 525 349 558 1160
374 523 563 565 accidisse,
598 525 717 568 quod
739 541 783 549 -—
810 523 969 556 nondum
998 522 1082 556 satis
1102 520 1208 566 periti
1229 519 1400 566 loquendi
1427 521 1633 556 facultatem

159 568 404 613 concupierint
436 572 492 612 12,
524 571 581 612 10,
616 570 671 604 16.
706 567 833 603 accidit
861 568 1037 612 itaque,
1079 573 1118 601 ut
1152 569 1209 610 10,
1243 565 1281 609 4,
1310 568 1343 601 3.
1379 577 1520 610 causas,
1553 578 1634 603 0111·

158 615 314 660 quidque
343 625 466 649 eorum
490 615 648 658 accidat,
677 614 843 659 persequi
870 617 928 657 11,
956 616 990 656 3,
1013 615 1071 649 16.
1128 613 1257 647 Unde
1278 611 1429 655 accidit,
1452 618 1493 647 ut
1516 614 1576 659 11,
1596 616 1635 658 2,

162 664 218 696 10.
257 660 302 702 cs.
328 661 370 703 8,
394 660 452 695 Pr.
475 662 510 695 3.
547 661 629 705 quia
659 666 777 694 tamen
807 666 992 704 propter
1032 670 1164 695 vocem
1196 658 1361 694 accidunt
1390 657 1481 694 vitia
1510 661 1581 702 11³„
1598 661 1636 710 32'

161 707 218 742 56.
250 712 441 750 propter
468 707 583 750 quod
618 706 764 749 accidit,
798 711 838 739 ut
870 708 927 749 10,
952 706 986 748 5,
1013 708 1072 740 23.
1126 705 1189 740 Ex
1215 703 1396 744 confusis,
1432 705 1642 750 quaeritis

158 751 344 795 accidunt,
377 762 442 787 suo
468 753 552 786 loco
577 752 730 786 diximus
755 753 790 793 8,
813 752 848 792 6,
871 752 929 787 67.
964 751 1094 786 accidit
1124 751 1313 797 aliquando
1341 750 1462 794 alteri,
1479 756 1534 786 ·et
1554 762 1638 797 ωρ-

160 797 239 842 pius
273 798 324 831 ab
355 803 474 832 actore
496 796 532 840 4,
556 800 591 838 2,
619 798 654 833 6.
679 798 726 832 Ν.
784 795 817 839 e)
836 797 987 842 jung-itur
1015 811 1088 831 cum
1113 796 1176 831 in:
1205 807 1298 842 quae
1325 796 1492 833 accidunt
1515 796 1555 832 in
1585 798 1659 833 di..

161 844 275 878 cendo
301 842 389 878 vitia
416 845 447 884 1,
472 842 506 886 5,
533 846 588 878 17.
623 843 763 888 saepius
788 842 826 876 in
859 843 1006 878 Graecis
1039 843 1242 878 nominibus
1274 841 1405 878 accidit
1433 844 1479 876 ib.
1501 841 1561 879 24.
1590 843 1658 887 (ᾧ,

162 891 208 923 ib.
236 891 295 922 27.
329 887 420 922 sicut
451 886 490 921 in
520 888 667 927 Graecis
697 888 825 923 accidit
858 889 1060 934 adjectione
1091 902 1107 923 ι
1133 889 1258 923 literae
1295 890 1338 931 1,
1372 891 1409 932 7,
1435 890 1490 923 17.
1526 887 1641 926 hooid.

160 944 273 978 paene
296 933 333 967 in
355 933 454 968 omni
479 935 687 969 defensione
710 937 745 978 3,
771 935 807 978 6,
834 936 893 971 79.
917 936 1013 981 quod
1035 945 1132 970 nunc
1160 935 1198 969 in
1226 933 1379 979 publicis
1401 933 1544 978 iudiciis
1564 946 1641 970 non

163 979 275 1018 accid.
304 981 337 1020 3,
362 981 419 1022 10,
443 982 478 1014 1.
505 979 551 1021 cs.
578 983 621 1015 ib.
644 984 678 1015 2.
709 991 801 1024 qnae
834 980 872 1015 in
900 993 941 1016 re
972 980 1152 1027 praesenti
1180 980 1353 1015 accidisse
1383 979 1554 1016 credibile
1585 987 1642 1017 est
1672 1004 1675 1007 -

164 1027 200 1067 6,
223 1028 258 1068 2,
283 1027 340 1059 31.
362 1025 398 1058 id
426 1024 459 1058 in
488 1025 620 1059 scholis
645 1025 807 1060 accidere
833 1029 870 1069 7,
893 1027 928 1068 6,
954 1030 986 1061 1.
1009 1027 1047 1060 in
1068 1026 1288 1062 testamentis
1311 1031 1348 1061 et
1374 1025 1641 1072 illa-accidunt,

164 1077 203 1103 ut
228 1073 272 1105 ib.
297 1071 331 1106 9.
359 1070 399 1104 in
424 1081 599 1115 personae
626 1070 771 1105 fictione
800 1071 894 1104 idem
917 1073 1082 1107 accidere
1107 1074 1144 1116 9,
1168 1074 1205 1116 3,
1228 1074 1286 1108 89.
1309 1073 1406 1117 quod
1428 1071 1524 1107 idem
1545 1073 1643 1111 acci-

166 1118 226 1150 det
253 1116 292 1150 in
318 1116 562 1151 Demosthene
584 1116 618 1159 4,
644 1119 677 1160 1,
704 1117 769 1160 68,
829 1120 926 1150 etiam
956 1131 986 1151 c.
1010 1123 1078 1152 solo
1102 1121 1238 1152 Alam..-
1275 1118 1314 1152 id
1340 1129 1448 1162 posse
1477 1119 1645 1155 accidere

166 1172 260 1196 voce
282 1171 354 1196 uua
375 1165 408 1203 1,
432 1162 466 1206 5,
493 1164 550 1197 37.
603 1160 649 1207 β)
674 1165 699 1197 i.
723 1175 756 1208 q.
778 1166 945 1207 periineo:
972 1163 1053 1208 quia
1078 1163 1231 1208 plurima
1253 1163 1338 1197 huic
1369 1162 1522 1207 (verbo)
1551 1166 1646 1200 acci-
1665 1196 1673 1199 .
1719 1182 1728 1195 x

169 1208 256 1240 dunt
280 1206 321 1252 (ἰ.
347 1220 377 1243 e.
400 1220 550 1251 genus,
582 1215 784 1252 tempora
810 1207 891 1252 etc.)
916 1211 950 1251 1,
975 1209 1009 1252 5,
1031 1208 1090 1243 41.
1118 1209 1204 1253 quid
1230 1208 1358 1253 cuique
1380 1209 1535 1253 homini,
1559 1211 1646 1255 quid

169 1252 297 1306 cuique
330 1253 385 1288 rei
415 1254 530 1288 soleat
558 1253 719 1288 accidere
752 1254 785 1297 5,
817 1257 875 1297 10,
906 1257 963 1289 17.
995 1255 1160 1299 personis
1193 1260 1311 1288 autem
1336 1265 1435 1298 non,
1473 1256 1646 1301 quidquid
1709 1247 1725 1278 ἕ

169 1298 314 1341 accidit,
342 1300 591 1343 exequendum
611 1299 698 1334 mihi
724 1306 779 1334 est
804 1302 847 1334 ib.
872 1301 929 1335 23.
956 1299 1000 1342 cs.
1027 1303 1070 1335 ib.
1091 1301 1148 1336 29.
1171 1300 1356 1344 proprium
1378 1306 1450 1344 est,
1477 1307 1538 1335 aut
1551 1304 1648 1348 quod

171 1343 241 1378 soli
265 1343 410 1388 accidit,
430 1350 470 1378 ut
492 1345 628 1380 homini
650 1356 768 1381 sermo
781 1369 792 1386 ,
813 1345 928 1380 risus:
959 1352 1018 1380 aut
1041 1347 1138 1391 quod
1163 1347 1284 1390 utique
1307 1346 1454 1390 accidit,
1480 1349 1546 1382 sed
1571 1359 1649 1385 non
1708 1353 1722 1367 '¹

170 1389 239 1424 soli
265 1391 309 1424 ib.
334 1391 388 1425 58.
429 1402 519 1435 quae
550 1390 584 1424 ei
612 1391 733 1437 generi
765 1392 930 1425 accidunt
962 1391 1003 1436 (ι’.
1027 1405 1058 1428 e.
1089 1405 1175 1438 quae
1204 1394 1330 1436 spec-ies
1365 1393 1534 1437 subjectae
1554 1394 1648 1440 sunt)

172 1436 208 1479 5,
237 1437 294 1478 13,
322 1437 366 1472 19
392 1436 439 1470 N.
449 1451 462 1480 ,·
515 1440 640 1471 Panic.
672 1450 720 1471 ac
732 1440 901 1472 cidens.-
933 1448 1107 1482 personae
1134 1449 1216 1472 cum
1244 1436 1319 1471 suis
1344 1438 1585 1475 accidentibus
1609 1440 1648 1485 4,

171 1483 207 1524 2,
235 1483 314 1516 130.
342 1480 539 1515 accidentia
564 1493 682 1517 rerum
707 1484 740 1526 5,
765 1485 822 1526 10,
847 1485 905 1518 23.
941 1484 1176 1526 Theodorus,
1200 1483 1261 1528 qui
1286 1484 1332 1518 de
1353 1494 1399 1518 eo
1426 1484 1495 1519 An
1517 1485 1589 1532 s‘it,
1612 1492 1650 1523 et
1680 1506 1687 1521 ι
1708 1507 1721 1513 »

173 1528 217 1561 de
242 1525 559 1561 accidentibus
586 1528 637 1572 ei,
663 1530 759 1573 quod
784 1540 863 1564 esse
888 1535 1046 1573 constat,
1070 1529 1108 1564 id
1135 1535 1209 1574 est,
1235 1533 1321 1571 περὶ
1343 1527 1459 1565 (1ὔαίαο
1478 1535 1542 1568 aaz
1561 1545 1650 1577 συμ·

171 1575 403 1618 βεβηκοιων,
436 1573 613 1608 existimat
644 1574 766 1618 quaeri
794 1577 828 1618 3,
857 1575 892 1618 6,
921 1577 979 1610 36.
1013 1575 1188 1622 contingit
1219 1576 1346 1610 eadem
1374 1577 1517 1612 claritas
1541 1583 1578 1614 et
1602 1590 1652 1614 ex
1685 1574 1689 1577 ⁵

171 1616 413 1652 accidentibus
441 1620 481 1662 (ἰ.
510 1633 538 1654 e.
561 1633 579 1654 e
588 1623 634 1664 pi
641 1622 755 1654 theti
764 1633 798 1664 ε,-
832 1633 864 1654 a.
887 1625 911 1654 l.
936 1620 1205 1665 accedentibus)
1231 1623 1267 1663 8,
1293 1623 1328 1664 3,
1355 1623 1415 1656 70.
1591 1633 1593 1635 ’

128 1671 334 1728 ACCingO·
372 1686 589 1733 accingimur
622 1688 666 1722 ad
702 1687 811 1723 vilem
843 1700 947 1723 usum
981 1693 1014 1733 1,
1046 1693 1102 1732 12,
1137 1690 1193 1726 16.
1226 1690 1284 1733 id,
1322 1690 1368 1724 ad
1401 1690 1499 1735 quod
1525 1688 1653 1737 (mens)
1700 1691 1702 1693 ’

176 1730 371 1778 accingitur
398 1735 455 1776 12,
482 1737 514 1775 1,
544 1734 598 1769 15.

130 1785 321 1842 ΑΟΟῙΡῙΟ·
373 1798 408 1845 1)
433 1803 567 1844 proprie
598 1803 656 1845 id,
686 1805 773 1847 quod
804 1805 915 1838 datur.
969 1803 1011 1848 α)
1041 1806 1086 1838 de
1117 1805 1284 1849 personis.-
1333 1802 1374 1848 a)
1396 1815 1418 1837 a
1449 1814 1521 1848 quo
1547 1815 1654 1840 acce-

174 1843 269 1887 pisse
293 1850 450 1880 mutuam
481 1846 523 1890 (i.
552 1859 583 1880 e.
611 1847 802 1892 pecuniam)
835 1849 936 1884 dicor
963 1849 999 1892 4,
1022 1849 1058 1893 4,
1083 1851 1117 1885 6.
1152 1855 1234 1895 post
1265 1854 1449 1901 acceptam
1474 1851 1654 1886 heredita-

175 1895 247 1924 tem
270 1890 304 1932 6,
329 1894 364 1934 3,
388 1892 445 1928 97.
477 1892 588 1926 cladis
615 1899 781 1938 acceptae
809 1895 844 1935 9,
870 1898 906 1938 2,
930 1895 988 1930 62.
1020 1901 1174 1930 aratrum
1197 1895 1361 1941 accipere
1385 1895 1527 1943 pignori
1553 1900 1590 1942 7,
1615 1899 1652 1941 8,

174 1933 211 1968 4.
250 1936 372 1981 accipe
401 1938 494 1972 hanc
527 1938 675 1973 senilem
707 1950 850 1973 manum
887 1942 1036 1974 Senec.
1065 1942 1108 1984 9,
1136 1945 1181 1985 2,
1210 1940 1270 1976 42.
1296 1946 1467 1986 acceptae
1494 1942 1653 1987 potionis

175 1986 281 2024 epota
308 1988 407 2026 parte
430 1986 466 2024 7,
497 1986 534 2027 2,
565 1987 623 2021 17.
690 1983 732 2028 b)
764 1984 921 2029 (alterum
952 1999 1053 2028 genus
1084 1986 1289 2030 auditorum)
1299 1998 1320 2031 ,¹
1340 1989 1438 2033 quod
1463 1988 1654 2024 consilium
1720 2008 1722 2011 ·

175 2026 325 2070 accipiat
348 2030 382 2071 3,
407 2027 444 2072 4,
467 2029 501 2063 6.
538 2029 730 2074 accipimus
763 2032 1049 2068 benevolentiam
1071 2044 1091 2066 a
1115 2034 1230 2067 causis
1256 2032 1292 2076 4,
1318 2036 1353 2077 1,
1379 2033 1422 2077 6;
1469 2036 1653 2080 praecipue

175 2074 217 2105 de
243 2075 308 2116 iis,
339 2086 425 2118 quae
456 2078 561 2109 actori
594 2088 615 2108 a
642 2079 806 2119 litigatore
830 2079 1028 2111 traduntur.-
1064 2079 1312 2123 probationes,
1352 2091 1440 2123 quas
1470 2086 1574 2115 extra
1599 2081 1654 2116 di·

175 2118 278 2151 cendi
308 2119 481 2154 rationem
512 2121 690 2165 acciperet
719 2128 841 2157 orator
866 2123 901 2166 5,
926 2126 959 2166 1,
987 2126 1020 2157 1.
1052 2125 1252 2159 communia
1278 2136 1327 2160 ex
1349 2125 1550 2170 praeceptis
1574 2138 1655 2168 ac-

176 2164 406 2208 cepimus,
440 2166 582 2210 propria
608 2167 897 2204 invenienda
926 2175 1008 2204 sunt
1036 2170 1071 2213 5,
1100 2173 1156 2213 10,
1181 2173 1261 2205 103.
1295 2169 1341 2212 cf.
1368 2170 1404 2214 5,
1426 2171 1564 2212 11,.43.
1586 2171 1654 2207 has

176 2214 234 2242 aut
267 2211 431 2253 accepi
459 2212 595 2255 species
633 2218 692 2247 aut
724 2213 889 2249 inveni
922 2215 1227 2260 frequentissimas
1258 2216 1299 2256 6,
1331 2216 1372 2257 3,
1399 2217 1479 2248 101.
1513 2215 1574 2251 hic
1599 2216 1655 2261 (in

178 2253 296 2296 causa)
322 2256 448 2290 dicitur
470 2258 513 2291 de
536 2258 622 2300 inis,
651 2269 742 2303 quae
766 2260 987 2304 accepimus,
1011 2260 1085 2294 illic
1110 2260 1225 2304 (extra
1247 2257 1420 2302 causam),
1454 2261 1500 2295 de
1525 2261 1655 2306 quibus

177 2299 340 2351 volumus
364 2304 398 2342 2,
424 2305 479 2344 11,
497 2303 552 2336 25.
576 2311 742 2348 percepta
763 2307 874 2340 semel
895 2305 1056 2339 imitandi
1079 2304 1231 2346 ratione,
1258 2303 1480 2340 assimulabit
1499 2305 1655 2352 (pictor),
1716 2316 1722 2323 ‘

177 2345 345 2387 quidquid
373 2347 548 2390 acceperit
576 2352 611 2384 7.
642 2351 697 2391 10,
720 2352 755 2385 9.
794 2362 884 2394 quae
909 2350 1093 2394 plerique,
1132 2360 1214 2382 cum
1240 2356 1476 2394 acceperunt,
1516 2359 1655 2388 mutare

176 2389 278 2423 nefas
303 2390 432 2424 habent
458 2395 512 2429 12.
537 2395 572 2434 8,
598 2394 633 2427 6.
670 2401 816 2440 accepta
846 2408 868 2429 a
894 2395 1050 2437 musico,
1084 2405 1104 2426 a
1135 2394 1264 2436 fabro,
1296 2393 1388 2429 sicut
1417 2407 1438 2430 a
1463 2395 1656 2447 litigatore,

177 2434 305 2468 melius
334 2442 453 2469 orator
477 2437 617 2480 (dicet),
641 2451 745 2483 quam
767 2441 867 2484 ipse,
891 2439 954 2484 qui
976 2437 1138 2473 docuerit
1161 2441 1196 2481 2,
1220 2442 1278 2482 21,
1303 2441 1360 2475 16.
1406 2441 1514 2487 β)(1ι
1536 2447 1652 2480 rebus.-

177 2478 218 2522 a)
243 2490 322 2512 cum
346 2481 517 2514 infirmam
533 2485 747 2518 verecundia
771 2492 888 2519 cutem
912 2481 1076 2529 (sanguis)
1100 2484 1248 2527 accepit,
1273 2485 1464 2522 effunditur
1481 2489 1522 2524 in
1542 2491 1654 2526 rubo-

178 2536 253 2559 rem
281 2528 334 2567 11,
363 2528 397 2566 3,
421 2527 477 2560 78.
520 2529 634 2560 solum
657 2545 701 2553 —
724 2532 819 2573 quod
843 2532 942 2575 plus,
969 2541 1076 2574 quam
1100 2530 1357 2575 acceperit,
1384 2534 1530 2570 seminis
1558 2537 1655 2570 red-

180 2572 251 2603 dat
278 2573 333 2613 12,
360 2575 415 2609 10.
443 2572 501 2605 25.
534 2572 657 2615 tibiae,
692 2576 819 2609 eodem
846 2575 970 2620 spiritu
999 2580 1217 2618 accepto,
1252 2576 1358 2610 alium
1386 2580 1514 2614 clausis
1546 2581 1654 2616 alium

179 2615 311 2659 apertis
339 2616 571 2650 foraminibus
601 2628 725 2652 sonum
755 2622 949 2654 reddunt
980 2622 1037 2663 11,
1064 2622 1099 2663 3,
1129 2623 1195 2662 2Ο;
1263 2629 1431 2666 quantum
1463 2627 1655 2662 celeritatis

180 2660 307 2704 accipit
343 2661 508 2705 (senarius
542 2663 699 2706 comicus)
731 2665 768 2708 9,
797 2665 833 2707 4,
869 2664 947 2700 140.
1006 2665 1166 2711 Quorum
1196 2666 1285 2701 nihil
1314 2679 1387 2703 non
1416 2678 1552 2706 rectum
1587 2672 1674 2716 est‚'

181 2706 249 2741 nisi
274 2717 354 2741 cum
380 2707 530 2752 aliquam
556 2719 601 2741 ex
626 2708 700 2751 his,
727 2710 771 2744 de
793 2710 919 2754 quibus
941 2711 1051 2745 locuti
1074 2722 1212 2755 sumus,
1237 2713 1382 2759 figuram
1407 2717 1536 2763 accipit
1557 2719 1595 2763 9,
1618 2722 1654 2762 2,
