1728 3002
0 358 25 393 ’ἢ

599 178 779 235 stipatio
807 199 864 210 -—
893 177 1048 220 Stricte
1508 179 1590 219 857

64 282 257 344 Stipatio.
305 296 507 331 confertum
543 303 623 329 esse
653 290 881 338 (orationem)
914 291 1184 339 aggressionum
1219 298 1255 326 et
1289 291 1591 336 enthymematum

106 344 296 390 stipatione
320 343 357 386 5,
384 341 442 384 14,
463 343 522 376 27.

63 389 347 446 Stipendium.
395 410 442 433 nn
463 403 508 433 st.
530 395 634 432 militi
657 394 871 437 constituant
893 395 938 438 3,
959 396 1003 437 8,
1028 395 1084 429 18.

63 456 192 512 Stips.
239 449 492 502 finietum⁶non
523 475 572 499 ex
595 464 686 510 stipe
711 462 985 498 advocationum
1007 467 1105 506 petet
1130 464 1164 504 1,
1194 464 1248 505 12,
1275 462 1321 498 18
1339 462 1386 497 Ν.

55 522 306 580 stipulatio·
352 545 401 570 ex
427 532 653 578 stipulatione
676 531 713 575 4,
737 534 772 575 2,
796 531 831 566 6.
866 543 900 567 v.
922 529 1164 574 Scriptum.

64 589 226 634 Stlites.
274 605 308 646 1,
329 600 365 646 4,
393 601 508 645 16,Ν.

65 656 269 700 stlocum.
306 673 340 714 1,
361 668 398 713 4,
427 669 472 704 16
495 670 542 703 Ν.

0 737 14 775 *—
39 760 44 763 ,
65 712 158 756 Sto·
189 727 247 772 ¹1)
279 728 425 770 proprie.
467 726 510 767 α)
533 723 682 759 stabitne
706 730 823 758 mutus
847 726 912 767 10,
939 727 982 767 7,
1006 725 1040 757 2.
1072 722 1391 766 stare‘diductum,
1427 723 1488 759 vel
1511 721 1599 769 rigi-

112 772 215 814 dum,
238 773 302 807 vel
322 771 508 816 supinum,
532 771 594 806 vel
615 770 823 813 incurvum,
847 771 910 805 vel
931 769 1109 811 humeris,
1139 775 1178 802 ut
1200 770 1365 803 luctaturi
1390 770 1527 811 solent,
1555 770 1598 802 ad

111 817 314 862 occipitium
348 818 464 852 ductis
499 819 568 860 11,
590 818 633 860 3,
661 817 738 851 160.
771 816 910 851 stetisse
934 815 1047 850 oculis
1069 815 1108 849 in
1129 820 1259 849 terram
1290 816 1419 849 defixis
1450 818 1493 849 ib.
1520 816 1601 850 158..

110 865 250 907 prolato
274 865 402 898 dextro
427 863 539 908 (pede)
561 868 653 897 stare
676 865 720 897 ib.
747 863 825 896 124.
849 861 946 896 omni
969 862 1061 906 pede
1084 863 1247 895 standum
1270 860 1450 904 (proverb.)
1475 863 1541 903 12,
1563 862 1600 904 9,

115 910 160 944 18
182 921 216 943 υ.
236 911 317 943 Pes
341 916 424 942 extr.
462 919 543 942 cum
573 908 611 942 in
643 914 792 962 angusto
818 909 970 952 quodam
996 907 1132 952 pulpito
1158 913 1255 941 stans
1280 907 1414 942 diceret
1449 909 1492 940 ib.
1520 908 1600 940 130.

112 954 275 989 varicare
308 966 414 999 supra
445 955 589 988 modum
625 960 660 988 et
690 965 729 988 in
761 955 888 988 stando
923 954 1084 987 deforme
1118 958 1172 987 est
1203 955 1246 987 ib.
1274 954 1351 988 125.
1383 966 1414 987 v.
1439 953 1598 986 Sedeo.

115 1011 197 1034 cum
221 1001 347 1035 ductus
373 1006 427 1035 est
450 1011 578 1035 caecus
601 1000 796 1033 secundum
822 999 916 1034 viam
942 1005 1034 1034 stare
1063 1000 1107 1040 8,
1134 1002 1180 1040 2,
1209 1001 1255 1032 20
1271 1003 1314 1032 Ζ.
1350 1010 1382 1032 υ.
1407 997 1599 1032 Caecus.

112 1047 165 1088 11)
188 1051 304 1082 transl.
330 1045 370 1087 a)
390 1045 529 1080 stetisse
551 1045 668 1089 ipsum
692 1045 731 1079 in
753 1045 894 1091 fastigio
917 1044 1141 1088 eloquentiae
1166 1047 1223 1084 12,
1248 1046 1282 1086 1,
1306 1046 1362 1077 20.
1405 1044 1509 1088 ffl-de
1528 1057 1602 1077 cer-

114 1093 279 1126 tantibus.-
303 1092 379 1126 acie
399 1092 517 1134 victa,
539 1091 576 1124 in
602 1103 670 1135 qua
696 1096 842 1125 steterat
866 1093 901 1132 7,
922 1093 957 1132 2,
976 1090 1041 1129 26;
1073 1096 1244 1124 armatum
1268 1100 1311 1123 ac
1333 1090 1433 1124 velut
1455 1089 1492 1123 in
1515 1100 1602 1133 pro-

114 1137 235 1172 cinctu
257 1143 408 1172 stantem
431 1136 624 1181 (oratorem)
652 1139 707 1180 12,
733 1138 770 1180 9,
792 1139 850 1170 21.
876 1135 921 1177 cs.
947 1138 1002 1177 10,
1026 1139 1059 1177 1,
1081 1137 1139 1170 29.
1164 1140 1280 1179 potest
1304 1141 1419 1170 mater
1440 1135 1602 1180 aliquan-

114 1184 163 1217 do
192 1190 360 1218 contra
384 1183 496 1217 filium
519 1189 613 1218 stare
637 1185 693 1225 11,
719 1186 751 1226 1,
774 1181 832 1217 64.
862 1192 944 1226 pro
969 1182 1063 1215 Juba
1087 1187 1156 1225 atq.
1180 1181 1282 1214 Afris
1310 1181 1451 1215 stetisse
1473 1184 1516 1215 ῐό.
1544 1183 1603 1215 80.

115 1227 161 1274 y)
198 1232 281 1275 idq.
303 1232 524 1271 consisto,
551 1231 734 1262 sta-bilis
756 1241 855 1261 sum.
902 1226 1046 1270 a)d1un
1067 1233 1136 1261 stat
1159 1227 1254 1261 acies
1280 1227 1323 1270 6,
1346 1226 1387 1266 4,
1414 1231 1476 1270 17;
1508 1233 1603 1261 stare

114 1276 187 1318 jam
216 1287 329 1320 remp.
362 1285 439 1309 non
464 1285 570 1318 posse
596 1276 642 1315 3,
665 1276 711 1317 8,
733 1272 791 1311 47.
831 1272 877 1314 cs.
895 1276 973 1315 11,
1002 1276 1045 1315 1,
1068 1273 1135 1315 853
1171 1272 1298 1307 melius
1328 1274 1460 1307 ultra
1496 1285 1603 1317 quam

117 1321 239 1356 citra
265 1327 334 1356 stat
357 1321 472 1355 oratio
493 1321 538 1363 8,
562 1321 607 1362 6,
630 1321 687 1354 76.
713 1331 781 1353 nec
803 1319 926 1352 intra
949 1318 1090 1352 initium
1112 1319 1208 1352 stetit
1231 1317 1324 1361 (ars)
1348 1321 1415 1360 10,
1438 1322 1492 1361 2,
1509 1321 1546 1353 8.
1574 1319 1605 1352 si

116 1367 247 1403 intra
273 1377 401 1403 versus
433 1365 613 1400 trimetros
643 1365 823 1400 stetissent
854 1367 983 1408 (opera
1008 1363 1178 1407 Terentii)
1208 1367 1275 1406 10,
1306 1367 1345 1406 1,
1370 1366 1436 1406 99;
1475 1365 1604 1399 deinde

118 1418 215 1448 stat
237 1413 440 1458 profectus,
467 1411 652 1446 admiratio
676 1411 922 1446 decrescit
947 1415 980 1453 1,
1005 1413 1039 1454 3,
1065 1413 1099 1445 5.
1123 1411 1275 1454 impetus
1299 1411 1394 1444 stetit
1422 1412 1459 1454 9,
1481 1410 1516 1452 4,
1538 1412 1603 1453 613

117 1461 304 1494 deserui
331 1460 681 1501 tempestatibus
711 1465 772 1492 etc.
798 1457 1053 1500 impeditus,
1075 1456 1114 1490 id
1138 1462 1212 1499 est,
1244 1467 1318 1490 non
1345 1468 1429 1500 per
1450 1468 1509 1491 me
1532 1463 1604 1491 ste-

117 1504 184 1549 tit,
208 1506 271 1540 sed
292 1515 378 1549 per
398 1504 487 1539 illud
515 1506 556 1544 3,
578 1504 621 1546 6,
643 1505 712 1545 783
745 1514 791 1537 an
812 1503 988 1536 restitutio
1011 1513 1092 1546 pro
1126 1502 1326 1536 sublatione
1362 1502 1485 1545 judicii
1516 1508 1606 1537 stet

103 1551 215 1594 -(Sp.
239 1550 328 1592 sit),
352 1555 389 1584 et
409 1549 556 1592 perinde
581 1550 756 1591 valeat,
791 1559 833 1582 ac
857 1548 887 1581 si
911 1556 973 1581 etc.
998 1551 1034 1590 7,
1059 1551 1104 1590 1,
1132 1550 1177 1581 60
1196 1549 1261 1581 N.-
1292 1549 1337 1589 b)
1371 1550 1442 1591 adj.
1465 1551 1605 1582 Abla..-

120 1602 215 1630 stant
240 1594 372 1628 mutuis
400 1594 543 1626 auxiliis
574 1594 693 1626 omnia
716 1596 758 1634 3,
785 1593 830 1634 4,
859 1593 914 1627 16.
950 1603 1070 1626 rerum
1103 1598 1263 1626 naturam
1294 1599 1388 1626 stare
1416 1591 1542 1628 ordine
1569 1598 1606 1638 7,

119 1640 180 1676 1²1⁴.
207 1643 242 1675 3.
258 1639 320 1684 qni
343 1639 499 1682 (judex)
523 1638 639 1672 alieno
665 1638 894 1682 jurejurando
923 1638 1009 1671 stari
1033 1637 1088 1680 (a.
1118 1642 1142 1672 1.
1166 1638 1275 1678 stare)
1311 1650 1415 1682 quam
1437 1651 1503 1673 suo
1531 1652 1607 1681 ma·

120 1689 200 1723 vult
222 1687 265 1728 5,
291 1686 335 1726 6,
359 1683 401 1727 4,
439 1683 571 1727 scripto
599 1695 643 1716 an
666 1686 851 1719 voluntate
876 1684 1040 1716 standum
1062 1682 1110 1716 sit
1132 1686 1167 1725 7,
1190 1684 1237 1726 6,
1265 1687 1319 1718 12.
1350 1684 1396 1726 cs.
1422 1688 1457 1719 7.
1484 1686 1606 1720 verbis

18 1739 28 1743 ’
55 1758 64 1760 -
120 1745 168 1768 an
188 1733 378 1769 voluntate,
395 1729 440 1763 sit
466 1730 626 1762 standum
650 1733 684 1772 7,
711 1733 745 1771 1,
772 1729 829 1764 49.
857 1728 898 1769 cf
926 1730 959 1770 3,
983 1729 1019 1772 6,
1047 1731 1123 1762 100.
1147 1731 1185 1771 7,
1210 1731 1267 1771 10,
1292 1730 1336 1772 63
1360 1741 1406 1764 an
1428 1731 1607 1765 restitutio

121 1789 188 1823 pro
211 1775 409 1811 sublatione
434 1774 557 1819 judicii
577 1780 689 1817 stet,
713 1781 748 1808 et
771 1774 920 1818 perinde
942 1775 1132 1817 valeat,
1162 1786 1204 1808 ac
1227 1774 1259 1808 si
1281 1782 1343 1810 etc.
1369 1779 1404 1819 7,
1430 1780 1471 1819 1,
1494 1777 1543 1811 60
1560 1779 1605 1811 Ν.
1665 1796 1673 1803 e

16 1827 19 1830 ’
79 1821 283 1866 Stolidus.
328 1833 424 1875 quod
446 1841 514 1865 nos
535 1832 811 1874 honestum,
837 1830 890 1864 illi
911 1841 1099 1873 vanum,
1124 1831 1443 1871 ambitiosum,
1467 1834 1607 1867 stoli-

124 1872 245 1922 dum,
268 1877 389 1913 verbis
413 1888 519 1921 quam
543 1887 584 1910 re
607 1877 846 1921 probabilius,
871 1882 1006 1912 vocant
1026 1879 1061 1919 3,
1085 1878 1120 1920 8,
1144 1879 1202 1911 32.
1234 1890 1268 1911 υ.
1294 1879 1493 1913 Gurdus.

19 1953 34 1957 r
79 1923 348 1970 Stomachus.
402 1932 450 1976 Ι),
476 1936 632 1976 proprie:
681 1940 725 1967 st.
761 1933 921 1967 ciborum
955 1934 1160 1968 diversitate
1192 1935 1350 1969 reficitur
1388 1939 1428 1978 1,
1468 1939 1535 1978 12,
1573 1938 1610 1980 5,

121 1981 179 2025 ΙΙ)
203 1985 317 2015 transl.
331 1994 340 2012 :
364 1980 465 2015 velut
490 1979 671 2024 fatigatum
694 1979 892 2014 intentione
915 1979 966 2014 st.
982 1981 1130 2014 reficere
1153 1979 1195 2023 4,
1223 1984 1264 2023 2,
1290 1984 1368 2014 121.
1393 1982 1609 2025 jucundissi-

124 2040 184 2064 ma
211 2033 293 2061 sunt
316 2036 364 2059 ex
389 2026 445 2059 his
468 2026 630 2060 omnibus
652 2025 799 2068 lenia,
829 2031 884 2068 et,
909 2031 949 2058 ut
971 2026 1023 2060 sic
1051 2026 1225 2070 dixerim,
1253 2027 1356 2060 boui
1382 2028 1608 2062 stomachi

124 2075 162 2117 6,
188 2075 224 2115 3,
248 2075 304 2107 93.
328 2071 544 2115 compositus
566 2081 641 2105 non
664 2073 709 2105 ad
733 2071 929 2105 animum
953 2071 1102 2114 judicis,
1137 2074 1202 2106 sed
1225 2073 1269 2106 ad
1293 2078 1426 2106 stom.
1452 2074 1608 2117 litigato-

125 2120 176 2154 ris
202 2121 265 2160 12,
290 2119 330 2160 9,
356 2120 412 2151 12.
439 2118 519 2160 plns
543 2119 794 2151 stomacho
829 2127 935 2169 quam
962 2117 1179 2151 consilio
1204 2119 1300 2152 dedit
1326 2122 1382 2159 11,
1411 2122 1443 2160 1,
1469 2123 1547 2154 117.
1571 2133 1606 2152 v.

71 2194 77 2197 ,
127 2164 339 2200 Animus.
366 2167 426 2204 et,
450 2163 544 2196 bono
569 2174 653 2197 sane
681 2164 877 2206 stomacho,
904 2163 1063 2197 contenti
1088 2169 1170 2197 sunt
1192 2167 1228 2207 2,
1252 2166 1287 2207 3,
1310 2166 1332 2198 3
1358 2165 1404 2198 Ν.

83 2211 272 2265 Strages.
320 2231 355 2253 υ.
378 2217 408 2253 C
419 2231 440 2252 a
452 2231 472 2253 e
481 2219 570 2253 des.

83 2273 327 2332 strangulo·
373 2287 510 2321 balteus
546 2298 615 2322 nec
645 2299 662 2322 s
675 2289 943 2335 trangulet,
974 2299 1041 2321 nec
1064 2287 1131 2320 flu
1143 2292 1184 2320 at
1207 2290 1248 2320 11
1262 2313 1272 2329 ‚
1299 2288 1342 2330 3,
1371 2288 1457 2330 14ος
1487 2275 1619 2324 fauces

130 2339 307 2368 tumentes
331 2344 348 2365 s
357 2337 424 2366 tra
433 2344 457 2366 n
465 2343 520 2379 gu
530 2334 606 2367 lan
614 2339 628 2366 t
650 2344 789 2369 vocem,
816 2335 963 2367 obtusae
987 2344 1009 2367 o
1019 2335 1042 2366 b
1052 2344 1068 2366 s
1082 2344 1100 2366 c
1111 2345 1135 2365 u
1145 2344 1163 2365 r
1173 2344 1192 2365 a
1203 2344 1226 2365 n
1237 2339 1251 2366 t
1274 2335 1317 2366 ib.
1345 2335 1402 2367 20.
1429 2346 1519 2377 quae
1546 2346 1610 2369 cu-

127 2391 203 2413 ram
224 2379 380 2412 fatentur
399 2398 446 2404 ·—
467 2378 569 2413 velut
589 2380 684 2413 laeto
700 2379 867 2425 'gramine
894 2385 968 2413 sata
989 2380 1209 2425 strangulant
1233 2380 1258 2412 8
1267 2403 1278 2421 ,
1301 2380 1358 2413 Pr.
1385 2382 1444 2425 23.

84 2424 308 2466 Strenuus.
352 2446 386 2468 v.
417 2435 445 2468 F
457 2445 480 2468 ο
489 2434 591 2469 rtis.

1043 2470 1050 2484 1

85 2492 310 2546 StrepituS.
355 2512 444 2545 quae
470 2501 500 2536 si
524 2501 625 2536 aliter
647 2503 740 2537 dicta
763 2509 901 2547 essent,
937 2486 1084 2547 strepitu
1106 2502 1221 2547 ipsum
1244 2502 1396 2551 judicem
1419 2503 1466 2537 ad
1492 2509 1611 2538 custo-

133 2548 301 2582 diendum
323 2552 509 2590 patronum
534 2547 750 2583 excitassent
773 2548 817 2592 4,
841 2552 884 2592 2,
908 2550 965 2584 58.
995 2549 1111 2583 oratio
1132 2559 1207 2583 non
1230 2550 1421 2583 descendet
1448 2550 1493 2583 ad
1521 2555 1610 2584 stre-

131 2594 243 2638 pitum
270 2592 458 2639 digitorum
480 2595 514 2636 9,
538 2593 579 2636 4,
604 2595 661 2628 55.

32 2632 58 2674 5
85 2637 258 2693 Strepo.
306 2648 372 2694 [ex
398 2660 510 2692 sono,
536 2655 750 2695 strepere
773 2652 830 2693 (Ζ.
848 2650 1012 2693 stertere)
1040 2654 1072 2694 1,
1096 2651 1132 2693 6,
1156 2651 1238 2694 38];
1272 2661 1377 2688 omne
1401 2651 1610 2688 convivium

134 2693 299 2729 obscenis
322 2695 467 2729 canticis
490 2691 626 2740 strepi(
639 2700 673 2739 1,
696 2700 751 2739 2,’
765 2698 800 2731 8.

63 2741 67 2748 “
91 2738 257 2781 stricte·
292 2751 464 2787 stricte
486 2753 761 2798 robusteque
785 2753 924 2789 dicendi
948 2754 989 2798 5,
1013 2756 1069 2797 12,
1097 2755 1152 2788 18.
