<?xml version="1.0" encoding="UTF-8"?>
<!DOCTYPE html PUBLIC "-//W3C//DTD XHTML 1.0 Transitional//EN"
    "http://www.w3.org/TR/xhtml1/DTD/xhtml1-transitional.dtd">
<html xmlns="http://www.w3.org/1999/xhtml" xml:lang="en" lang="en">
 <head>
  <title>
</title>
<meta http-equiv="Content-Type" content="text/html;charset=utf-8" />
  <meta name='ocr-system' content='tesseract 3.04.00' />
  <meta name='ocr-capabilities' content='ocr_page ocr_carea ocr_par ocr_line ocrx_word'/>
</head>
<body>
  <div class='ocr_page' id='page_1' title='image "./lexiconquintilia06bonnuoft_0960.png"; bbox 0 0 1728 3002; ppageno 0'>
   <div class='ocr_carea' id='block_1_1' title="bbox 165 121 1133 166">
    <p class='ocr_par' dir='ltr' id='par_1_1' title="bbox 165 121 1133 166">
     <span class='ocr_line' id='line_1_1' title="bbox 165 121 1133 166; baseline 0 0"><span class='ocrx_word' id='word_1_1' title='bbox 165 126 248 166; x_wconf 87' lang='lat'>868</span> <span class='ocrx_word' id='word_1_2' title='bbox 739 121 912 164; x_wconf 83' lang='lat' dir='ltr'>Suffoco</span> <span class='ocrx_word' id='word_1_3' title='bbox 945 148 996 156; x_wconf 98' lang='lat'><strong>—</strong></span> <span class='ocrx_word' id='word_1_4' title='bbox 1029 121 1133 166; x_wconf 89' lang='lat' dir='ltr'>Sum</span> 
     </span>
    </p>
   </div>
   <div class='ocr_carea' id='block_1_2' title="bbox 207 236 1718 746">
    <p class='ocr_par' dir='ltr' id='par_1_2' title="bbox 207 236 1718 746">
     <span class='ocr_line' id='line_1_2' title="bbox 211 236 1705 284; baseline 0.001 -10"><span class='ocrx_word' id='word_1_5' title='bbox 211 239 252 282; x_wconf 87' lang='grc'>6,</span> <span class='ocrx_word' id='word_1_6' title='bbox 278 240 336 272; x_wconf 86' lang='lat' dir='ltr'>Pr.</span> <span class='ocrx_word' id='word_1_7' title='bbox 349 239 385 273; x_wconf 88' lang='grc'>9.</span> <span class='ocrx_word' id='word_1_8' title='bbox 409 236 564 272; x_wconf 81' lang='lat' dir='ltr'>medinm</span> <span class='ocrx_word' id='word_1_9' title='bbox 587 239 705 280; x_wconf 84' lang='lat' dir='ltr'>potest</span> <span class='ocrx_word' id='word_1_10' title='bbox 727 247 826 278; x_wconf 82' lang='lat' dir='ltr'>esse,</span> <span class='ocrx_word' id='word_1_11' title='bbox 861 237 956 281; x_wconf 82' lang='lat' dir='ltr'>quod</span> <span class='ocrx_word' id='word_1_12' title='bbox 979 241 1016 271; x_wconf 89' lang='lat' dir='ltr'>et</span> <span class='ocrx_word' id='word_1_13' title='bbox 1037 236 1217 282; x_wconf 79' lang='lat' dir='ltr'>prioribus</span> <span class='ocrx_word' id='word_1_14' title='bbox 1239 242 1276 273; x_wconf 88' lang='lat' dir='ltr'>et</span> <span class='ocrx_word' id='word_1_15' title='bbox 1297 238 1527 284; x_wconf 79' lang='lat' dir='ltr'>sequentibus</span> <span class='ocrx_word' id='word_1_16' title='bbox 1550 238 1705 275; x_wconf 79' lang='lat' dir='ltr'>sufficiat</span> 
     </span>
     <span class='ocr_line' id='line_1_3' title="bbox 209 283 1704 329; baseline 0.001 -10"><span class='ocrx_word' id='word_1_17' title='bbox 209 285 252 328; x_wconf 88' lang='lat'>9,</span> <span class='ocrx_word' id='word_1_18' title='bbox 275 287 320 328; x_wconf 88' lang='lat'>3,</span> <span class='ocrx_word' id='word_1_19' title='bbox 349 285 405 319; x_wconf 87' lang='grc'>63.</span> <span class='ocrx_word' id='word_1_20' title='bbox 435 295 468 317; x_wconf 84' lang='lat' dir='ltr'>v.</span> <span class='ocrx_word' id='word_1_21' title='bbox 493 284 736 329; x_wconf 82' lang='lat' dir='ltr'>Repugno3</span> <span class='ocrx_word' id='word_1_22' title='bbox 764 294 833 317; x_wconf 86' lang='lat' dir='ltr'>nec</span> <span class='ocrx_word' id='word_1_23' title='bbox 859 283 1064 327; x_wconf 81' lang='lat' dir='ltr'>qnisquam,</span> <span class='ocrx_word' id='word_1_24' title='bbox 1089 284 1150 328; x_wconf 89' lang='lat' dir='ltr'>qui</span> <span class='ocrx_word' id='word_1_25' title='bbox 1179 284 1489 321; x_wconf 59' lang='lat' dir='ltr'>sufficientia</span> <span class='ocrx_word' id='word_1_26' title='bbox 1513 285 1582 321; x_wconf 77' lang='lat' dir='ltr'>sibi</span> <span class='ocrx_word' id='word_1_27' title='bbox 1603 287 1704 328; x_wconf 82' lang='lat' dir='ltr'>(mo-</span> 
     </span>
     <span class='ocr_line' id='line_1_4' title="bbox 210 328 1704 375; baseline 0.002 -11"><span class='ocrx_word' id='word_1_28' title='bbox 210 331 290 365; x_wconf 84' lang='lat' dir='ltr'>dica</span> <span class='ocrx_word' id='word_1_29' title='bbox 318 336 435 364; x_wconf 81' lang='lat' dir='ltr'>autem</span> <span class='ocrx_word' id='word_1_30' title='bbox 462 331 552 362; x_wconf 87' lang='lat' dir='ltr'>haec</span> <span class='ocrx_word' id='word_1_31' title='bbox 577 328 675 371; x_wconf 87' lang='lat' dir='ltr'>sunt)</span> <span class='ocrx_word' id='word_1_32' title='bbox 699 330 916 373; x_wconf 82' lang='lat' dir='ltr'><strong>possidebit,</strong></span> <span class='ocrx_word' id='word_1_33' title='bbox 941 331 1036 364; x_wconf 87' lang='lat' dir='ltr'>hunc</span> <span class='ocrx_word' id='word_1_34' title='bbox 1063 338 1248 375; x_wconf 82' lang='lat' dir='ltr'>quaestum</span> <span class='ocrx_word' id='word_1_35' title='bbox 1271 331 1349 366; x_wconf 88' lang='lat' dir='ltr'>sine</span> <span class='ocrx_word' id='word_1_36' title='bbox 1371 330 1520 367; x_wconf 80' lang='lat' dir='ltr'>crimine</span> <span class='ocrx_word' id='word_1_37' title='bbox 1544 333 1704 367; x_wconf 80' lang='lat' dir='ltr'>sordium</span> 
     </span>
     <span class='ocr_line' id='line_1_5' title="bbox 209 375 1704 424; baseline 0.001 -13"><span class='ocrx_word' id='word_1_38' title='bbox 209 378 338 411; x_wconf 82' lang='lat' dir='ltr'>fecerit</span> <span class='ocrx_word' id='word_1_39' title='bbox 363 378 417 418; x_wconf 84' lang='lat'>12,</span> <span class='ocrx_word' id='word_1_40' title='bbox 440 379 475 418; x_wconf 92' lang='grc'>7,</span> <span class='ocrx_word' id='word_1_41' title='bbox 499 375 543 416; x_wconf 87' lang='grc'>9;</span> <span class='ocrx_word' id='word_1_42' title='bbox 578 376 673 419; x_wconf 86' lang='lat' dir='ltr'>quod</span> <span class='ocrx_word' id='word_1_43' title='bbox 697 386 787 420; x_wconf 87' lang='lat' dir='ltr'>opus</span> <span class='ocrx_word' id='word_1_44' title='bbox 812 375 1011 420; x_wconf 85' lang='lat' dir='ltr'>cuicunque</span> <span class='ocrx_word' id='word_1_45' title='bbox 1033 376 1204 411; x_wconf 86' lang='lat' dir='ltr'>discendo</span> <span class='ocrx_word' id='word_1_46' title='bbox 1229 377 1382 412; x_wconf 81' lang='lat' dir='ltr'>sufficiet</span> <span class='ocrx_word' id='word_1_47' title='bbox 1408 381 1442 422; x_wconf 87' lang='lat'>1,</span> <span class='ocrx_word' id='word_1_48' title='bbox 1466 378 1502 423; x_wconf 87' lang='lat'>9,</span> <span class='ocrx_word' id='word_1_49' title='bbox 1526 380 1560 414; x_wconf 88' lang='grc'>3.</span> <span class='ocrx_word' id='word_1_50' title='bbox 1607 377 1648 424; x_wconf 76' lang='lat' dir='ltr'>y)</span> <span class='ocrx_word' id='word_1_51' title='bbox 1673 392 1704 422; x_wconf 80' lang='grc' dir='ltr'>ο.</span> 
     </span>
     <span class='ocr_line' id='line_1_6' title="bbox 210 421 1704 468; baseline 0.001 -11"><span class='ocrx_word' id='word_1_52' title='bbox 210 428 372 466; x_wconf 78' lang='lat' dir='ltr'>Praepos,</span> <span class='ocrx_word' id='word_1_53' title='bbox 392 435 414 455; x_wconf 90' lang='grc' dir='ltr'><em>α</em></span> <span class='ocrx_word' id='word_1_54' title='bbox 427 424 469 455; x_wconf 78' lang='grc'><strong>11,·</strong></span> <span class='ocrx_word' id='word_1_55' title='bbox 496 423 546 455; x_wconf 90' lang='lat' dir='ltr'>ad</span> <span class='ocrx_word' id='word_1_56' title='bbox 569 422 665 465; x_wconf 85' lang='lat' dir='ltr'>quod</span> <span class='ocrx_word' id='word_1_57' title='bbox 684 421 715 454; x_wconf 81' lang='lat' dir='ltr'>si</span> <span class='ocrx_word' id='word_1_58' title='bbox 731 421 826 457; x_wconf 85' lang='lat' dir='ltr'>vires</span> <span class='ocrx_word' id='word_1_59' title='bbox 847 432 921 456; x_wconf 87' lang='lat' dir='ltr'>non</span> <span class='ocrx_word' id='word_1_60' title='bbox 941 423 1145 457; x_wconf 85' lang='lat' dir='ltr'>suffecerint</span> <span class='ocrx_word' id='word_1_61' title='bbox 1162 426 1218 467; x_wconf 84' lang='lat'>12,</span> <span class='ocrx_word' id='word_1_62' title='bbox 1238 427 1272 467; x_wconf 89' lang='lat'>1,</span> <span class='ocrx_word' id='word_1_63' title='bbox 1287 426 1343 459; x_wconf 87' lang='grc'>32.</span> <span class='ocrx_word' id='word_1_64' title='bbox 1365 429 1421 459; x_wconf 85' lang='lat' dir='ltr'>tot</span> <span class='ocrx_word' id='word_1_65' title='bbox 1444 423 1640 468; x_wconf 74' lang='lat' dir='ltr'>disciplinis</span> <span class='ocrx_word' id='word_1_66' title='bbox 1662 424 1704 459; x_wconf 86' lang='lat' dir='ltr'>in</span> 
     </span>
     <span class='ocr_line' id='line_1_7' title="bbox 210 467 1703 515; baseline 0.001 -13"><span class='ocrx_word' id='word_1_67' title='bbox 210 469 392 504; x_wconf 81' lang='lat' dir='ltr'>diversum</span> <span class='ocrx_word' id='word_1_68' title='bbox 418 467 665 511; x_wconf 83' lang='lat' dir='ltr'>tendentibus,</span> <span class='ocrx_word' id='word_1_69' title='bbox 695 469 747 502; x_wconf 92' lang='lat' dir='ltr'>ad</span> <span class='ocrx_word' id='word_1_70' title='bbox 773 479 860 512; x_wconf 86' lang='lat' dir='ltr'>quas</span> <span class='ocrx_word' id='word_1_71' title='bbox 887 479 955 502; x_wconf 89' lang='lat' dir='ltr'>nec</span> <span class='ocrx_word' id='word_1_72' title='bbox 981 480 1106 512; x_wconf 88' lang='lat' dir='ltr'>mens,</span> <span class='ocrx_word' id='word_1_73' title='bbox 1141 481 1210 504; x_wconf 87' lang='lat' dir='ltr'>nec</span> <span class='ocrx_word' id='word_1_74' title='bbox 1238 480 1369 515; x_wconf 79' lang='lat' dir='ltr'>corpus</span> <span class='ocrx_word' id='word_1_75' title='bbox 1398 478 1461 504; x_wconf 76' lang='lat' dir='ltr'>eie.</span> <span class='ocrx_word' id='word_1_76' title='bbox 1490 470 1641 508; x_wconf 80' lang='lat' dir='ltr'>sufficiat</span> <span class='ocrx_word' id='word_1_77' title='bbox 1669 474 1703 514; x_wconf 87' lang='lat'>1,</span> 
     </span>
     <span class='ocr_line' id='line_1_8' title="bbox 211 513 1718 560; baseline 0.001 -10"><span class='ocrx_word' id='word_1_78' title='bbox 211 519 276 558; x_wconf 86' lang='lat'>12,</span> <span class='ocrx_word' id='word_1_79' title='bbox 303 518 334 549; x_wconf 94' lang='lat'>1.</span> <span class='ocrx_word' id='word_1_80' title='bbox 369 515 424 548; x_wconf 86' lang='lat' dir='ltr'>ad</span> <span class='ocrx_word' id='word_1_81' title='bbox 448 513 606 548; x_wconf 90' lang='lat' dir='ltr'>omnium</span> <span class='ocrx_word' id='word_1_82' title='bbox 630 514 782 548; x_wconf 89' lang='lat' dir='ltr'>ornandi</span> <span class='ocrx_word' id='word_1_83' title='bbox 813 514 984 549; x_wconf 83' lang='lat' dir='ltr'>virtutum</span> <span class='ocrx_word' id='word_1_84' title='bbox 1007 517 1211 560; x_wconf 72' lang='lat' dir='ltr'>exemplum</span> <span class='ocrx_word' id='word_1_85' title='bbox 1242 517 1305 551; x_wconf 83' lang='lat' dir='ltr'>vel</span> <span class='ocrx_word' id='word_1_86' title='bbox 1333 527 1424 551; x_wconf 78' lang='lat' dir='ltr'>unus</span> <span class='ocrx_word' id='word_1_87' title='bbox 1447 516 1578 552; x_wconf 84' lang='lat' dir='ltr'>sufficit</span> <span class='ocrx_word' id='word_1_88' title='bbox 1601 517 1640 560; x_wconf 84' lang='lat'>8,</span> <span class='ocrx_word' id='word_1_89' title='bbox 1665 517 1718 560; x_wconf 51' lang='lat'>3,</span> 
     </span>
     <span class='ocr_line' id='line_1_9' title="bbox 209 561 1701 606; baseline 0 -10"><span class='ocrx_word' id='word_1_90' title='bbox 209 562 268 596; x_wconf 83' lang='lat'>66.</span> <span class='ocrx_word' id='word_1_91' title='bbox 294 562 344 595; x_wconf 90' lang='lat' dir='ltr'>ad</span> <span class='ocrx_word' id='word_1_92' title='bbox 369 561 570 595; x_wconf 88' lang='lat' dir='ltr'>docendum</span> <span class='ocrx_word' id='word_1_93' title='bbox 594 561 749 604; x_wconf 85' lang='lat' dir='ltr'>judicem</span> <span class='ocrx_word' id='word_1_94' title='bbox 772 571 846 595; x_wconf 91' lang='lat' dir='ltr'>non</span> <span class='ocrx_word' id='word_1_95' title='bbox 870 562 1024 595; x_wconf 86' lang='lat' dir='ltr'>sufficiat</span> <span class='ocrx_word' id='word_1_96' title='bbox 1047 565 1110 604; x_wconf 89' lang='grc'>12,</span> <span class='ocrx_word' id='word_1_97' title='bbox 1135 564 1178 605; x_wconf 89' lang='grc'>8,</span> <span class='ocrx_word' id='word_1_98' title='bbox 1206 564 1237 596; x_wconf 89' lang='grc'>1.</span> <span class='ocrx_word' id='word_1_99' title='bbox 1267 561 1311 604; x_wconf 87' lang='lat' dir='ltr'>cs.</span> <span class='ocrx_word' id='word_1_100' title='bbox 1336 566 1372 606; x_wconf 81' lang='lat'>2,</span> <span class='ocrx_word' id='word_1_101' title='bbox 1400 566 1433 604; x_wconf 92' lang='grc'>1,</span> <span class='ocrx_word' id='word_1_102' title='bbox 1457 564 1492 598; x_wconf 88' lang='grc'>6.</span> <span class='ocrx_word' id='word_1_103' title='bbox 1516 566 1552 606; x_wconf 89' lang='grc'>2,</span> <span class='ocrx_word' id='word_1_104' title='bbox 1578 565 1635 606; x_wconf 88' lang='grc'><strong>10,</strong></span> <span class='ocrx_word' id='word_1_105' title='bbox 1659 565 1701 606; x_wconf 66' lang='grc'>2,</span> 
     </span>
     <span class='ocr_line' id='line_1_10' title="bbox 210 606 1701 655; baseline 0.001 -14"><span class='ocrx_word' id='word_1_106' title='bbox 210 609 337 652; x_wconf 90' lang='lat' dir='ltr'>quosd.</span> <span class='ocrx_word' id='word_1_107' title='bbox 364 618 439 642; x_wconf 89' lang='lat' dir='ltr'>non</span> <span class='ocrx_word' id='word_1_108' title='bbox 468 606 581 653; x_wconf 81' lang='lat' dir='ltr'>magis</span> <span class='ocrx_word' id='word_1_109' title='bbox 611 608 776 642; x_wconf 87' lang='lat' dir='ltr'>sufficere</span> <span class='ocrx_word' id='word_1_110' title='bbox 802 607 847 641; x_wconf 85' lang='lat' dir='ltr'>in</span> <span class='ocrx_word' id='word_1_111' title='bbox 873 607 992 652; x_wconf 83' lang='lat' dir='ltr'>aliquo</span> <span class='ocrx_word' id='word_1_112' title='bbox 1016 610 1181 655; x_wconf 87' lang='lat' dir='ltr'>graviore</span> <span class='ocrx_word' id='word_1_113' title='bbox 1213 614 1312 652; x_wconf 85' lang='lat' dir='ltr'>actu,</span> <span class='ocrx_word' id='word_1_114' title='bbox 1350 620 1455 653; x_wconf 77' lang='lat' dir='ltr'>quam</span> <span class='ocrx_word' id='word_1_115' title='bbox 1479 617 1542 644; x_wconf 71' lang='lat' dir='ltr'>etc.</span> <span class='ocrx_word' id='word_1_116' title='bbox 1575 611 1640 652; x_wconf 84' lang='lat'>12,</span> <span class='ocrx_word' id='word_1_117' title='bbox 1665 611 1701 652; x_wconf 88' lang='grc'>2,</span> 
     </span>
     <span class='ocr_line' id='line_1_11' title="bbox 210 653 1701 701; baseline 0.001 -13"><span class='ocrx_word' id='word_1_118' title='bbox 210 653 268 688; x_wconf 88' lang='grc'>14.</span> <span class='ocrx_word' id='word_1_119' title='bbox 294 654 343 688; x_wconf 90' lang='lat' dir='ltr'>in</span> <span class='ocrx_word' id='word_1_120' title='bbox 365 653 463 689; x_wconf 83' lang='lat' dir='ltr'>veris</span> <span class='ocrx_word' id='word_1_121' title='bbox 489 664 632 698; x_wconf 81' lang='lat' dir='ltr'>quoque</span> <span class='ocrx_word' id='word_1_122' title='bbox 657 654 735 688; x_wconf 87' lang='lat' dir='ltr'>suff.</span> <span class='ocrx_word' id='word_1_123' title='bbox 761 653 982 688; x_wconf 86' lang='lat' dir='ltr'>conscientia</span> <span class='ocrx_word' id='word_1_124' title='bbox 1006 658 1069 699; x_wconf 87' lang='lat'>11,</span> <span class='ocrx_word' id='word_1_125' title='bbox 1099 658 1141 698; x_wconf 90' lang='lat'>1,</span> <span class='ocrx_word' id='word_1_126' title='bbox 1167 658 1224 690; x_wconf 89' lang='lat'>17.</span> <span class='ocrx_word' id='word_1_127' title='bbox 1249 654 1320 701; x_wconf 87' lang='lat' dir='ltr'>[in</span> <span class='ocrx_word' id='word_1_128' title='bbox 1346 655 1508 700; x_wconf 80' lang='lat' dir='ltr'>quibusd.</span> <span class='ocrx_word' id='word_1_129' title='bbox 1532 655 1701 691; x_wconf 79' lang='lat' dir='ltr'>sufficere</span> 
     </span>
     <span class='ocr_line' id='line_1_12' title="bbox 207 699 1506 746; baseline 0.002 -12"><span class='ocrx_word' id='word_1_130' title='bbox 207 701 316 735; x_wconf 92' lang='lat' dir='ltr'>modo</span> <span class='ocrx_word' id='word_1_131' title='bbox 342 699 579 735; x_wconf 88' lang='lat' dir='ltr'>intentionem</span> <span class='ocrx_word' id='word_1_132' title='bbox 604 701 712 734; x_wconf 91' lang='lat' dir='ltr'>modo</span> <span class='ocrx_word' id='word_1_133' title='bbox 737 700 983 745; x_wconf 87' lang='lat' dir='ltr'>depulsionem</span> <span class='ocrx_word' id='word_1_134' title='bbox 1007 702 1050 745; x_wconf 88' lang='lat'>8,</span> <span class='ocrx_word' id='word_1_135' title='bbox 1075 703 1131 736; x_wconf 90' lang='lat' dir='ltr'>Pr.</span> <span class='ocrx_word' id='word_1_136' title='bbox 1154 702 1177 737; x_wconf 90' lang='grc'>9</span> <span class='ocrx_word' id='word_1_137' title='bbox 1199 714 1232 736; x_wconf 84' lang='grc' dir='ltr'>υ.</span> <span class='ocrx_word' id='word_1_138' title='bbox 1260 699 1506 746; x_wconf 70' lang='lat' dir='ltr'>Intentio]</span> 
     </span>
    </p>
   </div>
   <div class='ocr_carea' id='block_1_3' title="bbox 163 743 1518 803">
    <p class='ocr_par' dir='ltr' id='par_1_3' title="bbox 163 743 1518 803">
     <span class='ocr_line' id='line_1_13' title="bbox 163 743 1518 803; baseline 0.001 -13"><span class='ocrx_word' id='word_1_139' title='bbox 163 743 353 788; x_wconf 78' lang='lat' dir='ltr'>SUffOCO·</span> <span class='ocrx_word' id='word_1_140' title='bbox 397 757 591 792; x_wconf 80' lang='lat' dir='ltr'>suffocatur</span> <span class='ocrx_word' id='word_1_141' title='bbox 615 757 666 799; x_wconf 85' lang='lat' dir='ltr'>(a.</span> <span class='ocrx_word' id='word_1_142' title='bbox 689 761 713 792; x_wconf 78' lang='grc' dir='ltr'>Ζ.</span> <span class='ocrx_word' id='word_1_143' title='bbox 741 757 925 800; x_wconf 80' lang='lat' dir='ltr'>suffocata)</span> <span class='ocrx_word' id='word_1_144' title='bbox 950 769 1056 803; x_wconf 80' lang='lat' dir='ltr'>saepe</span> <span class='ocrx_word' id='word_1_145' title='bbox 1081 757 1182 803; x_wconf 86' lang='lat' dir='ltr'>(vox)</span> <span class='ocrx_word' id='word_1_146' title='bbox 1207 760 1264 803; x_wconf 90' lang='lat'>11,</span> <span class='ocrx_word' id='word_1_147' title='bbox 1283 760 1318 802; x_wconf 95' lang='lat'>3,</span> <span class='ocrx_word' id='word_1_148' title='bbox 1337 759 1379 794; x_wconf 87' lang='lat'>51</span> <span class='ocrx_word' id='word_1_149' title='bbox 1403 760 1451 794; x_wconf 89' lang='grc' dir='ltr'>Ν.</span> <span class='ocrx_word' id='word_1_150' title='bbox 1472 771 1518 793; x_wconf 87' lang='lat' dir='ltr'>cr.</span> 
     </span>
    </p>
   </div>
   <div class='ocr_carea' id='block_1_4' title="bbox 163 801 1709 955">
    <p class='ocr_par' dir='ltr' id='par_1_4' title="bbox 163 801 1709 955">
     <span class='ocr_line' id='line_1_14' title="bbox 163 801 1701 862; baseline 0.001 -14"><span class='ocrx_word' id='word_1_151' title='bbox 163 802 439 859; x_wconf 71' lang='lat' dir='ltr'>suffragium·</span> <span class='ocrx_word' id='word_1_152' title='bbox 483 826 564 849; x_wconf 88' lang='lat' dir='ltr'>cum</span> <span class='ocrx_word' id='word_1_153' title='bbox 592 814 798 850; x_wconf 80' lang='lat' dir='ltr'>candidatus</span> <span class='ocrx_word' id='word_1_154' title='bbox 823 826 941 850; x_wconf 89' lang='lat' dir='ltr'>coram</span> <span class='ocrx_word' id='word_1_155' title='bbox 970 826 1015 850; x_wconf 91' lang='lat' dir='ltr'>eo</span> <span class='ocrx_word' id='word_1_156' title='bbox 1039 815 1242 862; x_wconf 82' lang='lat' dir='ltr'>suffragium</span> <span class='ocrx_word' id='word_1_157' title='bbox 1269 816 1312 850; x_wconf 85' lang='lat' dir='ltr'>ab</span> <span class='ocrx_word' id='word_1_158' title='bbox 1337 816 1407 850; x_wconf 79' lang='lat' dir='ltr'>alio</span> <span class='ocrx_word' id='word_1_159' title='bbox 1430 820 1570 860; x_wconf 83' lang='lat' dir='ltr'>peteret</span> <span class='ocrx_word' id='word_1_160' title='bbox 1596 815 1642 859; x_wconf 89' lang='grc'>6,</span> <span class='ocrx_word' id='word_1_161' title='bbox 1665 801 1701 859; x_wconf 79' lang='lat'>3,</span> 
     </span>
     <span class='ocr_line' id='line_1_15' title="bbox 206 859 1709 909; baseline 0.001 -15"><span class='ocrx_word' id='word_1_162' title='bbox 206 859 267 895; x_wconf 87' lang='grc'>47.</span> <span class='ocrx_word' id='word_1_163' title='bbox 291 860 473 895; x_wconf 85' lang='lat' dir='ltr'>Fabricius</span> <span class='ocrx_word' id='word_1_164' title='bbox 500 861 707 896; x_wconf 87' lang='lat' dir='ltr'>Cornelium</span> <span class='ocrx_word' id='word_1_165' title='bbox 734 862 897 896; x_wconf 83' lang='lat' dir='ltr'>Rufinum</span> <span class='ocrx_word' id='word_1_166' title='bbox 914 879 956 886; x_wconf 93' lang='lat'><em>-</em></span> <span class='ocrx_word' id='word_1_167' title='bbox 976 863 1159 896; x_wconf 90' lang='lat' dir='ltr'>consulem</span> <span class='ocrx_word' id='word_1_168' title='bbox 1186 862 1355 909; x_wconf 78' lang='lat' dir='ltr'>suffragio</span> <span class='ocrx_word' id='word_1_169' title='bbox 1378 873 1446 896; x_wconf 89' lang='lat' dir='ltr'>suo</span> <span class='ocrx_word' id='word_1_170' title='bbox 1473 861 1563 896; x_wconf 83' lang='lat' dir='ltr'>fecit</span> <span class='ocrx_word' id='word_1_171' title='bbox 1587 864 1645 905; x_wconf 88' lang='grc'>12,</span> <span class='ocrx_word' id='word_1_172' title='bbox 1666 863 1709 906; x_wconf 83' lang='grc' dir='ltr'>1,Ι</span> 
     </span>
     <span class='ocr_line' id='line_1_16' title="bbox 206 906 1398 955; baseline 0.001 -14"><span class='ocrx_word' id='word_1_173' title='bbox 206 906 265 941; x_wconf 86' lang='grc'>43.</span> <span class='ocrx_word' id='word_1_174' title='bbox 291 908 561 952; x_wconf 76' lang='lat' dir='ltr'>competitorem</span> <span class='ocrx_word' id='word_1_175' title='bbox 585 914 721 952; x_wconf 83' lang='lat' dir='ltr'>patrem</span> <span class='ocrx_word' id='word_1_176' title='bbox 742 909 782 942; x_wconf 93' lang='lat' dir='ltr'>in</span> <span class='ocrx_word' id='word_1_177' title='bbox 809 908 985 955; x_wconf 82' lang='lat' dir='ltr'>suffragiis</span> <span class='ocrx_word' id='word_1_178' title='bbox 1008 908 1145 944; x_wconf 82' lang='lat' dir='ltr'>vicerat</span> <span class='ocrx_word' id='word_1_179' title='bbox 1166 911 1202 952; x_wconf 93' lang='lat'>7,</span> <span class='ocrx_word' id='word_1_180' title='bbox 1230 911 1264 952; x_wconf 91' lang='lat'>1,</span> <span class='ocrx_word' id='word_1_181' title='bbox 1288 910 1336 944; x_wconf 87' lang='grc'><strong>29</strong></span> <span class='ocrx_word' id='word_1_182' title='bbox 1350 910 1398 943; x_wconf 88' lang='grc' dir='ltr'>Ν.</span> 
     </span>
    </p>
   </div>
   <div class='ocr_carea' id='block_1_5' title="bbox 161 950 1701 1105">
    <p class='ocr_par' dir='ltr' id='par_1_5' title="bbox 161 950 1701 1105">
     <span class='ocr_line' id='line_1_17' title="bbox 161 950 1701 1019; baseline 0.003 -25"><span class='ocrx_word' id='word_1_183' title='bbox 161 950 402 1009; x_wconf 74' lang='lat' dir='ltr'>suffragor.</span> <span class='ocrx_word' id='word_1_184' title='bbox 448 964 479 999; x_wconf 87' lang='lat' dir='ltr'>si</span> <span class='ocrx_word' id='word_1_185' title='bbox 504 965 671 1012; x_wconf 79' lang='lat' dir='ltr'>cogitatio</span> <span class='ocrx_word' id='word_1_186' title='bbox 698 976 774 999; x_wconf 89' lang='lat' dir='ltr'>non</span> <span class='ocrx_word' id='word_1_187' title='bbox 797 965 1009 1011; x_wconf 81' lang='lat' dir='ltr'>suffragetur</span> <span class='ocrx_word' id='word_1_188' title='bbox 1034 968 1089 1008; x_wconf 89' lang='lat'>11,</span> <span class='ocrx_word' id='word_1_189' title='bbox 1114 968 1156 1005; x_wconf 84' lang='lat'>3,</span> <span class='ocrx_word' id='word_1_190' title='bbox 1181 968 1259 1000; x_wconf 88' lang='grc'><strong>121.</strong></span> <span class='ocrx_word' id='word_1_191' title='bbox 1286 965 1316 1000; x_wconf 88' lang='lat' dir='ltr'>si</span> <span class='ocrx_word' id='word_1_192' title='bbox 1336 963 1507 1001; x_wconf 86' lang='lat' dir='ltr'>memoria</span> <span class='ocrx_word' id='word_1_193' title='bbox 1533 963 1701 1019; x_wconf 73' lang='lat' dir='ltr'>suffraga-</span> 
     </span>
     <span class='ocr_line' id='line_1_18' title="bbox 206 1010 1700 1058; baseline 0.001 -14"><span class='ocrx_word' id='word_1_194' title='bbox 206 1016 264 1044; x_wconf 88' lang='lat' dir='ltr'>tur</span> <span class='ocrx_word' id='word_1_195' title='bbox 292 1015 349 1054; x_wconf 85' lang='lat'>11,</span> <span class='ocrx_word' id='word_1_196' title='bbox 374 1015 409 1054; x_wconf 90' lang='grc'>2,</span> <span class='ocrx_word' id='word_1_197' title='bbox 433 1010 491 1046; x_wconf 86' lang='grc'>45.</span> <span class='ocrx_word' id='word_1_198' title='bbox 520 1023 593 1046; x_wconf 91' lang='lat' dir='ltr'>non</span> <span class='ocrx_word' id='word_1_199' title='bbox 618 1012 866 1058; x_wconf 82' lang='lat' dir='ltr'>suffragabitur</span> <span class='ocrx_word' id='word_1_200' title='bbox 889 1017 1027 1056; x_wconf 81' lang='lat' dir='ltr'>tempus</span> <span class='ocrx_word' id='word_1_201' title='bbox 1051 1014 1095 1046; x_wconf 78' lang='lat' dir='ltr'>ib.</span> <span class='ocrx_word' id='word_1_202' title='bbox 1119 1011 1185 1056; x_wconf 76' lang='lat'>483</span> <span class='ocrx_word' id='word_1_203' title='bbox 1216 1017 1341 1047; x_wconf 83' lang='lat' dir='ltr'>ornata</span> <span class='ocrx_word' id='word_1_204' title='bbox 1368 1017 1423 1047; x_wconf 85' lang='lat' dir='ltr'>est</span> <span class='ocrx_word' id='word_1_205' title='bbox 1444 1010 1700 1058; x_wconf 73' lang='lat' dir='ltr'>pronuntiatio,</span> 
     </span>
     <span class='ocr_line' id='line_1_19' title="bbox 207 1057 1438 1105; baseline 0.003 -16"><span class='ocrx_word' id='word_1_206' title='bbox 207 1057 265 1090; x_wconf 86' lang='lat' dir='ltr'>cui</span> <span class='ocrx_word' id='word_1_207' title='bbox 287 1058 507 1105; x_wconf 70' lang='lat' dir='ltr'>suffragatur</span> <span class='ocrx_word' id='word_1_208' title='bbox 524 1069 602 1094; x_wconf 82' lang='lat' dir='ltr'>vox</span> <span class='ocrx_word' id='word_1_209' title='bbox 625 1058 741 1092; x_wconf 82' lang='lat' dir='ltr'>facilis</span> <span class='ocrx_word' id='word_1_210' title='bbox 766 1066 828 1093; x_wconf 74' lang='lat' dir='ltr'>etc.</span> <span class='ocrx_word' id='word_1_211' title='bbox 858 1060 914 1101; x_wconf 84' lang='lat'>11,</span> <span class='ocrx_word' id='word_1_212' title='bbox 941 1060 974 1100; x_wconf 83' lang='lat'>3,</span> <span class='ocrx_word' id='word_1_213' title='bbox 998 1058 1056 1093; x_wconf 79' lang='lat'>40.</span> <span class='ocrx_word' id='word_1_214' title='bbox 1425 1071 1438 1074; x_wconf 46' lang='lat'>⁷*</span> 
     </span>
    </p>
   </div>
   <div class='ocr_carea' id='block_1_6' title="bbox 160 1095 1702 1264">
    <p class='ocr_par' dir='ltr' id='par_1_6' title="bbox 160 1095 1702 1264">
     <span class='ocr_line' id='line_1_20' title="bbox 160 1095 1702 1202; baseline 0 -54"><span class='ocrx_word' id='word_1_215' title='bbox 160 1101 555 1202; x_wconf 47' lang='lat' dir='ltr'>Sffqgggugl&#39;ffihaeo</span> <span class='ocrx_word' id='word_1_216' title='bbox 579 1115 799 1151; x_wconf 86' lang='lat' dir='ltr'>deverticula</span> <span class='ocrx_word' id='word_1_217' title='bbox 830 1123 892 1149; x_wconf 78' lang='lat' dir='ltr'>etc.</span> <span class='ocrx_word' id='word_1_218' title='bbox 922 1115 1073 1163; x_wconf 85' lang='lat' dir='ltr'>suffugia</span> <span class='ocrx_word' id='word_1_219' title='bbox 1097 1119 1180 1149; x_wconf 89' lang='lat' dir='ltr'>sunt</span> <span class='ocrx_word' id='word_1_220' title='bbox 1200 1112 1414 1150; x_wconf 78' lang='lat' dir='ltr'>infirmitatis</span> <span class='ocrx_word' id='word_1_221' title='bbox 1427 1095 1487 1160; x_wconf 65' lang='lat' dir='ltr'>(u.</span> <span class='ocrx_word' id='word_1_222' title='bbox 1498 1117 1528 1148; x_wconf 74' lang='lat'>1.</span> <span class='ocrx_word' id='word_1_223' title='bbox 1553 1107 1702 1149; x_wconf 80' lang='lat' dir='ltr'>infirmi·</span> 
     </span>
     <span class='ocr_line' id='line_1_21' title="bbox 220 1172 483 1202; baseline 0.011 -9"><span class='ocrx_word' id='word_1_224' title='bbox 220 1172 266 1193; x_wconf 89' lang='lat' dir='ltr'>a1</span> <span class='ocrx_word' id='word_1_225' title='bbox 334 1188 342 1202; x_wconf 90' lang='lat'><strong><em>‚</em></strong></span> <span class='ocrx_word' id='word_1_226' title='bbox 475 1187 483 1196; x_wconf 93' lang='lat'>.</span> 
     </span>
     <span class='ocr_line' id='line_1_22' title="bbox 160 1187 1258 1264; baseline 0.009 -20"><span class='ocrx_word' id='word_1_227' title='bbox 160 1187 402 1248; x_wconf 62' lang='lat' dir='ltr'>Sllffllndo.&#39;</span> <span class='ocrx_word' id='word_1_228' title='bbox 426 1219 530 1262; x_wconf 85' lang='lat' dir='ltr'>quad.</span> <span class='ocrx_word' id='word_1_229' title='bbox 556 1219 740 1264; x_wconf 79' lang='lat' dir='ltr'>voluptate</span> <span class='ocrx_word' id='word_1_230' title='bbox 763 1218 888 1253; x_wconf 86' lang='lat' dir='ltr'>suffusi</span> <span class='ocrx_word' id='word_1_231' title='bbox 911 1217 1032 1263; x_wconf 85' lang='lat' dir='ltr'>(oculi)</span> <span class='ocrx_word' id='word_1_232' title='bbox 1058 1221 1113 1262; x_wconf 89' lang='lat'>11,</span> <span class='ocrx_word' id='word_1_233' title='bbox 1139 1220 1174 1262; x_wconf 81' lang='lat'>3,</span> <span class='ocrx_word' id='word_1_234' title='bbox 1199 1219 1258 1254; x_wconf 82' lang='lat'>76.</span> 
     </span>
    </p>
   </div>
   <div class='ocr_carea' id='block_1_7' title="bbox 157 1261 1728 2401">
    <p class='ocr_par' dir='ltr' id='par_1_7' title="bbox 162 1261 1701 1367">
     <span class='ocr_line' id='line_1_23' title="bbox 162 1261 1701 1324; baseline 0.006 -23"><span class='ocrx_word' id='word_1_235' title='bbox 162 1261 369 1317; x_wconf 77' lang='lat' dir='ltr'>Suggero.</span> <span class='ocrx_word' id='word_1_236' title='bbox 417 1286 459 1308; x_wconf 84' lang='lat' dir='ltr'>ea</span> <span class='ocrx_word' id='word_1_237' title='bbox 490 1286 548 1309; x_wconf 84' lang='lat' dir='ltr'>res</span> <span class='ocrx_word' id='word_1_238' title='bbox 573 1283 740 1322; x_wconf 70' lang='lat' dir='ltr'>suggeret</span> <span class='ocrx_word' id='word_1_239' title='bbox 767 1276 952 1312; x_wconf 84' lang='lat' dir='ltr'>materiam</span> <span class='ocrx_word' id='word_1_240' title='bbox 976 1275 1250 1324; x_wconf 84' lang='lat' dir='ltr'>interrogationi</span> <span class='ocrx_word' id='word_1_241' title='bbox 1272 1277 1317 1322; x_wconf 80' lang='lat'>5,</span> <span class='ocrx_word' id='word_1_242' title='bbox 1340 1279 1384 1321; x_wconf 90' lang='grc'>7,</span> <span class='ocrx_word' id='word_1_243' title='bbox 1407 1276 1443 1312; x_wconf 83' lang='grc'>8.</span> <span class='ocrx_word' id='word_1_244' title='bbox 1474 1273 1551 1312; x_wconf 83' lang='lat' dir='ltr'>vim</span> <span class='ocrx_word' id='word_1_245' title='bbox 1575 1273 1701 1310; x_wconf 70' lang='lat' dir='ltr'>occul-</span> 
     </span>
     <span class='ocr_line' id='line_1_24' title="bbox 201 1323 1557 1367; baseline 0.004 -15"><span class='ocrx_word' id='word_1_246' title='bbox 201 1325 274 1352; x_wconf 78' lang='lat' dir='ltr'>tam</span> <span class='ocrx_word' id='word_1_247' title='bbox 298 1326 492 1367; x_wconf 82' lang='lat' dir='ltr'>suggerunt</span> <span class='ocrx_word' id='word_1_248' title='bbox 516 1323 549 1363; x_wconf 87' lang='lat'>1,</span> <span class='ocrx_word' id='word_1_249' title='bbox 576 1324 631 1364; x_wconf 88' lang='lat'>10,</span> <span class='ocrx_word' id='word_1_250' title='bbox 657 1325 691 1356; x_wconf 93' lang='lat'>7.</span> <span class='ocrx_word' id='word_1_251' title='bbox 1555 1330 1557 1332; x_wconf 78' lang='grc'><strong>’</strong></span> 
     </span>
    </p>

    <p class='ocr_par' dir='ltr' id='par_1_8' title="bbox 157 1363 1491 1425">
     <span class='ocr_line' id='line_1_25' title="bbox 157 1363 1491 1425; baseline 0.006 -20"><span class='ocrx_word' id='word_1_252' title='bbox 157 1363 401 1421; x_wconf 74' lang='lat' dir='ltr'>SuggestiO.</span> <span class='ocrx_word' id='word_1_253' title='bbox 450 1378 592 1411; x_wconf 87' lang='lat' dir='ltr'>schema</span> <span class='ocrx_word' id='word_1_254' title='bbox 616 1389 681 1421; x_wconf 90' lang='lat' dir='ltr'>per</span> <span class='ocrx_word' id='word_1_255' title='bbox 706 1388 806 1425; x_wconf 87' lang='lat' dir='ltr'>sugg.</span> <span class='ocrx_word' id='word_1_256' title='bbox 832 1379 891 1422; x_wconf 85' lang='lat' dir='ltr'>(a.</span> <span class='ocrx_word' id='word_1_257' title='bbox 912 1383 933 1412; x_wconf 76' lang='lat' dir='ltr'>l.</span> <span class='ocrx_word' id='word_1_258' title='bbox 960 1377 1240 1422; x_wconf 82' lang='lat' dir='ltr'>subjectionem)</span> <span class='ocrx_word' id='word_1_259' title='bbox 1264 1377 1301 1421; x_wconf 88' lang='grc'>9,</span> <span class='ocrx_word' id='word_1_260' title='bbox 1323 1380 1360 1422; x_wconf 86' lang='grc'>2,</span> <span class='ocrx_word' id='word_1_261' title='bbox 1377 1379 1429 1413; x_wconf 55' lang='grc'>715</span> <span class='ocrx_word' id='word_1_262' title='bbox 1442 1378 1491 1416; x_wconf 91' lang='grc' dir='ltr'>Ν.</span> 
     </span>
    </p>

    <p class='ocr_par' dir='ltr' id='par_1_9' title="bbox 158 1420 1728 2401">
     <span class='ocr_line' id='line_1_26' title="bbox 158 1420 1700 1481; baseline 0.001 -14"><span class='ocrx_word' id='word_1_263' title='bbox 158 1420 251 1462; x_wconf 75' lang='lat' dir='ltr'>Sui·</span> <span class='ocrx_word' id='word_1_264' title='bbox 299 1432 348 1476; x_wconf 78' lang='grc' dir='ltr'>α)</span> <span class='ocrx_word' id='word_1_265' title='bbox 377 1436 507 1468; x_wconf 74' lang='lat' dir='ltr'>Genit..·</span> <span class='ocrx_word' id='word_1_266' title='bbox 551 1434 686 1480; x_wconf 83' lang='lat' dir='ltr'>aliquid</span> <span class='ocrx_word' id='word_1_267' title='bbox 722 1436 778 1468; x_wconf 89' lang='lat' dir='ltr'>sui</span> <span class='ocrx_word' id='word_1_268' title='bbox 811 1435 938 1470; x_wconf 86' lang='lat' dir='ltr'>afferre</span> <span class='ocrx_word' id='word_1_269' title='bbox 964 1437 1007 1479; x_wconf 87' lang='lat'>3,</span> <span class='ocrx_word' id='word_1_270' title='bbox 1040 1438 1082 1479; x_wconf 91' lang='lat'>1,</span> <span class='ocrx_word' id='word_1_271' title='bbox 1117 1438 1153 1471; x_wconf 89' lang='lat'>7.</span> <span class='ocrx_word' id='word_1_272' title='bbox 1183 1434 1284 1479; x_wconf 83' lang='lat' dir='ltr'>quasi</span> <span class='ocrx_word' id='word_1_273' title='bbox 1316 1434 1518 1481; x_wconf 81' lang='lat' dir='ltr'>objurgatio</span> <span class='ocrx_word' id='word_1_274' title='bbox 1554 1433 1611 1469; x_wconf 87' lang='lat' dir='ltr'>sui</span> <span class='ocrx_word' id='word_1_275' title='bbox 1644 1440 1700 1469; x_wconf 81' lang='lat' dir='ltr'>est</span> 
     </span>
     <span class='ocr_line' id='line_1_27' title="bbox 204 1478 1698 1529; baseline 0.002 -17"><span class='ocrx_word' id='word_1_276' title='bbox 204 1482 268 1529; x_wconf 77' lang='grc'>11,</span> <span class='ocrx_word' id='word_1_277' title='bbox 291 1482 336 1522; x_wconf 83' lang='grc'>3,</span> <span class='ocrx_word' id='word_1_278' title='bbox 359 1478 418 1516; x_wconf 88' lang='grc'>49.</span> <span class='ocrx_word' id='word_1_279' title='bbox 453 1479 597 1514; x_wconf 86' lang='lat' dir='ltr'>minime</span> <span class='ocrx_word' id='word_1_280' title='bbox 621 1482 677 1515; x_wconf 90' lang='lat' dir='ltr'>sui</span> <span class='ocrx_word' id='word_1_281' title='bbox 702 1487 905 1516; x_wconf 80' lang='lat' dir='ltr'>contemtor</span> <span class='ocrx_word' id='word_1_282' title='bbox 930 1485 996 1524; x_wconf 84' lang='lat'>12,</span> <span class='ocrx_word' id='word_1_283' title='bbox 1022 1484 1063 1526; x_wconf 91' lang='lat'>1,</span> <span class='ocrx_word' id='word_1_284' title='bbox 1089 1483 1148 1517; x_wconf 91' lang='grc'>20.</span> <span class='ocrx_word' id='word_1_285' title='bbox 1182 1481 1239 1515; x_wconf 88' lang='lat' dir='ltr'>sui</span> <span class='ocrx_word' id='word_1_286' title='bbox 1264 1481 1454 1526; x_wconf 79' lang='lat' dir='ltr'>jactantem</span> <span class='ocrx_word' id='word_1_287' title='bbox 1478 1483 1545 1524; x_wconf 90' lang='lat'>11,</span> <span class='ocrx_word' id='word_1_288' title='bbox 1570 1483 1615 1524; x_wconf 81' lang='grc'>1,</span> <span class='ocrx_word' id='word_1_289' title='bbox 1639 1481 1698 1516; x_wconf 86' lang='grc'>50.</span> 
     </span>
     <span class='ocr_line' id='line_1_28' title="bbox 202 1525 1697 1571; baseline 0.003 -13"><span class='ocrx_word' id='word_1_290' title='bbox 202 1536 354 1569; x_wconf 84' lang='lat' dir='ltr'>quorum</span> <span class='ocrx_word' id='word_1_291' title='bbox 378 1525 534 1570; x_wconf 83' lang='lat' dir='ltr'>simplex</span> <span class='ocrx_word' id='word_1_292' title='bbox 558 1529 661 1562; x_wconf 89' lang='lat' dir='ltr'>color</span> <span class='ocrx_word' id='word_1_293' title='bbox 683 1527 738 1561; x_wconf 86' lang='lat' dir='ltr'>sm·</span> <span class='ocrx_word' id='word_1_294' title='bbox 762 1527 943 1562; x_wconf 79' lang='lat' dir='ltr'>studiosos</span> <span class='ocrx_word' id='word_1_295' title='bbox 965 1528 1074 1561; x_wconf 86' lang='lat' dir='ltr'>habet</span> <span class='ocrx_word' id='word_1_296' title='bbox 1099 1530 1163 1569; x_wconf 89' lang='lat'>12,</span> <span class='ocrx_word' id='word_1_297' title='bbox 1190 1529 1251 1570; x_wconf 88' lang='grc'>10,</span> <span class='ocrx_word' id='word_1_298' title='bbox 1275 1528 1309 1562; x_wconf 83' lang='lat'>3.</span> <span class='ocrx_word' id='word_1_299' title='bbox 1365 1525 1423 1571; x_wconf 72' lang='grc' dir='ltr'>β),</span> <span class='ocrx_word' id='word_1_300' title='bbox 1445 1530 1560 1562; x_wconf 61' lang='lat' dir='ltr'>Dana</span> <span class='ocrx_word' id='word_1_301' title='bbox 1590 1525 1697 1562; x_wconf 78' lang='lat' dir='ltr'>sibe</span> 
     </span>
     <span class='ocr_line' id='line_1_29' title="bbox 202 1570 1696 1618; baseline 0.003 -14"><span class='ocrx_word' id='word_1_302' title='bbox 202 1572 370 1615; x_wconf 84' lang='lat' dir='ltr'>scriptum</span> <span class='ocrx_word' id='word_1_303' title='bbox 398 1572 436 1606; x_wconf 87' lang='lat' dir='ltr'>in</span> <span class='ocrx_word' id='word_1_304' title='bbox 466 1574 661 1607; x_wconf 88' lang='lat' dir='ltr'>multorum</span> <span class='ocrx_word' id='word_1_305' title='bbox 683 1573 783 1607; x_wconf 87' lang='lat' dir='ltr'>libris</span> <span class='ocrx_word' id='word_1_306' title='bbox 809 1580 863 1608; x_wconf 91' lang='lat' dir='ltr'>est</span> <span class='ocrx_word' id='word_1_307' title='bbox 889 1576 930 1616; x_wconf 83' lang='lat'>1,</span> <span class='ocrx_word' id='word_1_308' title='bbox 954 1577 997 1616; x_wconf 92' lang='grc'>7,</span> <span class='ocrx_word' id='word_1_309' title='bbox 1022 1572 1087 1615; x_wconf 83' lang='grc'>24;</span> <span class='ocrx_word' id='word_1_310' title='bbox 1126 1572 1230 1606; x_wconf 90' lang='lat' dir='ltr'>sibi</span> <span class='ocrx_word' id='word_1_311' title='bbox 1262 1571 1360 1616; x_wconf 88' lang='lat' dir='ltr'>ipsi</span> <span class='ocrx_word' id='word_1_312' title='bbox 1385 1572 1577 1618; x_wconf 82' lang='lat' dir='ltr'>responsio</span> <span class='ocrx_word' id='word_1_313' title='bbox 1599 1570 1696 1618; x_wconf 78' lang='lat' dir='ltr'>(fig.)</span> 
     </span>
     <span class='ocr_line' id='line_1_30' title="bbox 201 1617 1698 1666; baseline 0 -13"><span class='ocrx_word' id='word_1_314' title='bbox 201 1619 243 1660; x_wconf 87' lang='grc'>9,</span> <span class='ocrx_word' id='word_1_315' title='bbox 278 1620 322 1660; x_wconf 79' lang='grc'>3,</span> <span class='ocrx_word' id='word_1_316' title='bbox 351 1619 408 1653; x_wconf 91' lang='lat'>90.</span> <span class='ocrx_word' id='word_1_317' title='bbox 448 1630 511 1662; x_wconf 88' lang='lat' dir='ltr'>pes</span> <span class='ocrx_word' id='word_1_318' title='bbox 553 1619 642 1653; x_wconf 90' lang='lat' dir='ltr'>sibi</span> <span class='ocrx_word' id='word_1_319' title='bbox 675 1619 777 1664; x_wconf 89' lang='lat' dir='ltr'>ipse</span> <span class='ocrx_word' id='word_1_320' title='bbox 806 1619 965 1666; x_wconf 82' lang='lat' dir='ltr'>jungitur</span> <span class='ocrx_word' id='word_1_321' title='bbox 998 1620 1043 1662; x_wconf 89' lang='lat'>9,</span> <span class='ocrx_word' id='word_1_322' title='bbox 1073 1619 1115 1660; x_wconf 86' lang='lat'>4,</span> <span class='ocrx_word' id='word_1_323' title='bbox 1148 1620 1229 1654; x_wconf 85' lang='lat'>103.</span> <span class='ocrx_word' id='word_1_324' title='bbox 1255 1619 1430 1663; x_wconf 81' lang='lat' dir='ltr'>juvenum</span> <span class='ocrx_word' id='word_1_325' title='bbox 1463 1617 1532 1653; x_wconf 82' lang='lat' dir='ltr'>sibi</span> <span class='ocrx_word' id='word_1_326' title='bbox 1567 1617 1698 1653; x_wconf 82' lang='lat' dir='ltr'>luden-</span> 
     </span>
     <span class='ocr_line' id='line_1_31' title="bbox 200 1663 1697 1712; baseline 0.002 -15"><span class='ocrx_word' id='word_1_327' title='bbox 200 1663 354 1706; x_wconf 69' lang='lat' dir='ltr'>tiumfl,</span> <span class='ocrx_word' id='word_1_328' title='bbox 379 1666 421 1707; x_wconf 89' lang='grc'>3,</span> <span class='ocrx_word' id='word_1_329' title='bbox 449 1667 493 1698; x_wconf 89' lang='grc'>16</span> <span class='ocrx_word' id='word_1_330' title='bbox 519 1666 567 1699; x_wconf 89' lang='lat' dir='ltr'>N.</span> <span class='ocrx_word' id='word_1_331' title='bbox 615 1667 657 1699; x_wconf 88' lang='lat' dir='ltr'>ln</span> <span class='ocrx_word' id='word_1_332' title='bbox 693 1667 789 1711; x_wconf 86' lang='lat' dir='ltr'>quod</span> <span class='ocrx_word' id='word_1_333' title='bbox 822 1677 936 1712; x_wconf 89' lang='lat' dir='ltr'>genus</span> <span class='ocrx_word' id='word_1_334' title='bbox 968 1663 1245 1708; x_wconf 80' lang='lat' dir='ltr'>(amphiboliae)</span> <span class='ocrx_word' id='word_1_335' title='bbox 1278 1664 1405 1699; x_wconf 81' lang='lat' dir='ltr'>incidit</span> <span class='ocrx_word' id='word_1_336' title='bbox 1437 1665 1511 1701; x_wconf 81' lang='lat' dir='ltr'>Cic.</span> <span class='ocrx_word' id='word_1_337' title='bbox 1536 1663 1697 1709; x_wconf 77' lang='lat' dir='ltr'>&#39;loquens</span> 
     </span>
     <span class='ocr_line' id='line_1_32' title="bbox 202 1709 1696 1756; baseline 0.001 -13"><span class='ocrx_word' id='word_1_338' title='bbox 202 1711 247 1744; x_wconf 87' lang='lat' dir='ltr'>de</span> <span class='ocrx_word' id='word_1_339' title='bbox 272 1709 312 1745; x_wconf 84' lang='lat' dir='ltr'>G.</span> <span class='ocrx_word' id='word_1_340' title='bbox 338 1710 494 1744; x_wconf 86' lang='lat' dir='ltr'>Fannio:</span> <span class='ocrx_word' id='word_1_341' title='bbox 520 1714 692 1754; x_wconf 76' lang='lat' dir='ltr'>soceri,</span> <span class='ocrx_word' id='word_1_342' title='bbox 719 1725 836 1756; x_wconf 81' lang='lat' dir='ltr'>quem</span> <span class='ocrx_word' id='word_1_343' title='bbox 856 1724 996 1745; x_wconf 83' lang='lat' dir='ltr'>—non</span> <span class='ocrx_word' id='word_1_344' title='bbox 1033 1711 1267 1744; x_wconf 79' lang='lat' dir='ltr'>admodum</span> <span class='ocrx_word' id='word_1_345' title='bbox 1297 1712 1547 1754; x_wconf 63' lang='lat' dir='ltr'>dizigebm:</span> <span class='ocrx_word' id='word_1_346' title='bbox 1573 1722 1696 1755; x_wconf 76' lang='lat' dir='ltr'>prae-</span> 
     </span>
     <span class='ocr_line' id='line_1_33' title="bbox 201 1756 1696 1801; baseline 0.002 -13"><span class='ocrx_word' id='word_1_347' title='bbox 201 1759 353 1789; x_wconf 73' lang='lat' dir='ltr'>sertim</span> <span class='ocrx_word' id='word_1_348' title='bbox 397 1770 487 1789; x_wconf 83' lang='lat' dir='ltr'>cum</span> <span class='ocrx_word' id='word_1_349' title='bbox 526 1760 614 1791; x_wconf 86' lang='lat' dir='ltr'>ille</span> <span class='ocrx_word' id='word_1_350' title='bbox 654 1761 696 1801; x_wconf 80' lang='lat' dir='ltr'>Q.</span> <span class='ocrx_word' id='word_1_351' title='bbox 737 1760 1003 1791; x_wconf 84' lang='lat' dir='ltr'>Scaevolam</span> <span class='ocrx_word' id='word_1_352' title='bbox 1050 1756 1140 1791; x_wconf 86' lang='lat' dir='ltr'>sibi</span> <span class='ocrx_word' id='word_1_353' title='bbox 1175 1760 1387 1790; x_wconf 83' lang='lat' dir='ltr'>minorem</span> <span class='ocrx_word' id='word_1_354' title='bbox 1426 1764 1536 1791; x_wconf 75' lang='lat' dir='ltr'>natu</span> <span class='ocrx_word' id='word_1_355' title='bbox 1566 1759 1696 1799; x_wconf 68' lang='lat' dir='ltr'>geno-</span> 
     </span>
     <span class='ocr_line' id='line_1_34' title="bbox 199 1799 1695 1850; baseline 0.002 -15"><span class='ocrx_word' id='word_1_356' title='bbox 199 1816 289 1835; x_wconf 86' lang='lat' dir='ltr'>rum</span> <span class='ocrx_word' id='word_1_357' title='bbox 323 1806 642 1846; x_wconf 69' lang='lat' dir='ltr'>praetulisset.</span> <span class='ocrx_word' id='word_1_358' title='bbox 708 1805 799 1837; x_wconf 78' lang='lat' dir='ltr'>Nam</span> <span class='ocrx_word' id='word_1_359' title='bbox 842 1803 878 1837; x_wconf 87' lang='lat' dir='ltr'>id</span> <span class='ocrx_word' id='word_1_360' title='bbox 916 1802 1008 1837; x_wconf 81' lang='lat' dir='ltr'>sibi</span> <span class='ocrx_word' id='word_1_361' title='bbox 1045 1808 1082 1837; x_wconf 83' lang='lat' dir='ltr'>et</span> <span class='ocrx_word' id='word_1_362' title='bbox 1113 1803 1158 1836; x_wconf 79' lang='lat' dir='ltr'>ad</span> <span class='ocrx_word' id='word_1_363' title='bbox 1193 1813 1361 1838; x_wconf 76' lang='lat' dir='ltr'>socerum</span> <span class='ocrx_word' id='word_1_364' title='bbox 1393 1799 1695 1850; x_wconf 48' lang='lat' dir='ltr'>referris‘etfidd</span> 
     </span>
     <span class='ocr_line' id='line_1_35' title="bbox 199 1847 1696 1898; baseline 0.002 -17"><span class='ocrx_word' id='word_1_365' title='bbox 199 1847 374 1882; x_wconf 87' lang='lat' dir='ltr'>Fannium</span> <span class='ocrx_word' id='word_1_366' title='bbox 398 1854 515 1892; x_wconf 84' lang='lat' dir='ltr'>potest</span> <span class='ocrx_word' id='word_1_367' title='bbox 536 1853 571 1891; x_wconf 92' lang='lat'>7,</span> <span class='ocrx_word' id='word_1_368' title='bbox 589 1851 624 1890; x_wconf 90' lang='lat'>9,</span> <span class='ocrx_word' id='word_1_369' title='bbox 648 1852 704 1883; x_wconf 90' lang='grc'>12.</span> <span class='ocrx_word' id='word_1_370' title='bbox 750 1849 789 1894; x_wconf 83' lang='grc' dir='ltr'>γ)</span> <span class='ocrx_word' id='word_1_371' title='bbox 812 1853 957 1884; x_wconf 82' lang='lat' dir='ltr'>Accus.:</span> <span class='ocrx_word' id='word_1_372' title='bbox 972 1852 973 1855; x_wconf 76' lang='grc'>’</span> <span class='ocrx_word' id='word_1_373' title='bbox 989 1849 1106 1884; x_wconf 83' lang='lat' dir='ltr'>civem</span> <span class='ocrx_word' id='word_1_374' title='bbox 1131 1850 1235 1883; x_wconf 89' lang='lat' dir='ltr'>Rom.</span> <span class='ocrx_word' id='word_1_375' title='bbox 1248 1860 1330 1884; x_wconf 82' lang='lat' dir='ltr'>esse</span> <span class='ocrx_word' id='word_1_376' title='bbox 1352 1849 1463 1894; x_wconf 37' lang='lat' dir='ltr'>sev(S</span> <span class='ocrx_word' id='word_1_377' title='bbox 1470 1863 1504 1894; x_wconf 86' lang='lat' dir='ltr'>p.</span> <span class='ocrx_word' id='word_1_378' title='bbox 1520 1848 1696 1898; x_wconf 48' lang='lat' dir='ltr'>salise.)</span> 
     </span>
     <span class='ocr_line' id='line_1_36' title="bbox 197 1888 1728 1942; baseline 0.002 -14"><span class='ocrx_word' id='word_1_379' title='bbox 197 1893 239 1938; x_wconf 84' lang='lat'>4,</span> <span class='ocrx_word' id='word_1_380' title='bbox 267 1898 308 1937; x_wconf 90' lang='grc'>2,</span> <span class='ocrx_word' id='word_1_381' title='bbox 336 1898 413 1928; x_wconf 83' lang='grc'><strong>113.</strong></span> <span class='ocrx_word' id='word_1_382' title='bbox 440 1906 507 1928; x_wconf 89' lang='lat' dir='ltr'>nec</span> <span class='ocrx_word' id='word_1_383' title='bbox 530 1906 640 1929; x_wconf 87' lang='lat' dir='ltr'>sese</span> <span class='ocrx_word' id='word_1_384' title='bbox 666 1897 760 1938; x_wconf 86' lang='lat' dir='ltr'>(Sp.</span> <span class='ocrx_word' id='word_1_385' title='bbox 785 1895 852 1938; x_wconf 91' lang='lat' dir='ltr'>se)</span> <span class='ocrx_word' id='word_1_386' title='bbox 874 1895 943 1939; x_wconf 89' lang='lat' dir='ltr'>ipsi</span> <span class='ocrx_word' id='word_1_387' title='bbox 967 1899 1118 1942; x_wconf 79' lang='lat' dir='ltr'>gravant</span> <span class='ocrx_word' id='word_1_388' title='bbox 1146 1896 1189 1938; x_wconf 90' lang='lat'>1,</span> <span class='ocrx_word' id='word_1_389' title='bbox 1214 1897 1280 1939; x_wconf 80' lang='lat'>12,</span> <span class='ocrx_word' id='word_1_390' title='bbox 1309 1897 1413 1930; x_wconf 84' lang='lat'>102.</span> <span class='ocrx_word' id='word_1_391' title='bbox 1436 1895 1557 1941; x_wconf 40' lang='lat' dir='ltr'>satin„</span> <span class='ocrx_word' id='word_1_392' title='bbox 1638 1901 1643 1905; x_wconf 89' lang='grc'><strong>”</strong></span> <span class='ocrx_word' id='word_1_393' title='bbox 1686 1894 1691 1899; x_wconf 69' lang='grc'><strong>’</strong></span> <span class='ocrx_word' id='word_1_394' title='bbox 1725 1888 1728 1910; x_wconf 73' lang='lat'>²</span> 
     </span>
     <span class='ocr_line' id='line_1_37' title="bbox 198 1937 1691 1985; baseline 0.001 -11"><span class='ocrx_word' id='word_1_395' title='bbox 198 1941 311 1975; x_wconf 91' lang='lat' dir='ltr'>suisse</span> <span class='ocrx_word' id='word_1_396' title='bbox 337 1952 416 1974; x_wconf 90' lang='lat' dir='ltr'>sese</span> <span class='ocrx_word' id='word_1_397' title='bbox 441 1941 526 1984; x_wconf 86' lang='lat' dir='ltr'>(Sp.</span> <span class='ocrx_word' id='word_1_398' title='bbox 551 1942 613 1982; x_wconf 88' lang='lat' dir='ltr'>se)</span> <span class='ocrx_word' id='word_1_399' title='bbox 642 1942 686 1974; x_wconf 90' lang='lat' dir='ltr'>ad</span> <span class='ocrx_word' id='word_1_400' title='bbox 711 1941 901 1976; x_wconf 87' lang='lat' dir='ltr'>dicendum</span> <span class='ocrx_word' id='word_1_401' title='bbox 924 1945 958 1985; x_wconf 83' lang='lat'>2,</span> <span class='ocrx_word' id='word_1_402' title='bbox 985 1942 1021 1984; x_wconf 89' lang='grc'>6,</span> <span class='ocrx_word' id='word_1_403' title='bbox 1045 1943 1067 1975; x_wconf 92' lang='grc'><strong>3</strong></span> <span class='ocrx_word' id='word_1_404' title='bbox 1086 1943 1129 1974; x_wconf 91' lang='grc' dir='ltr'><strong>Ζ.</strong></span> <span class='ocrx_word' id='word_1_405' title='bbox 1157 1939 1202 1982; x_wconf 67' lang='lat' dir='ltr'>ff.</span> <span class='ocrx_word' id='word_1_406' title='bbox 1228 1943 1262 1984; x_wconf 88' lang='lat'>6,</span> <span class='ocrx_word' id='word_1_407' title='bbox 1286 1943 1322 1984; x_wconf 90' lang='lat'>3,</span> <span class='ocrx_word' id='word_1_408' title='bbox 1345 1942 1403 1976; x_wconf 84' lang='lat'>88.</span> <span class='ocrx_word' id='word_1_409' title='bbox 1435 1937 1691 1984; x_wconf 22' lang='lat' dir='ltr'>&amp;REVM-Z.</span> 
     </span>
     <span class='ocr_line' id='line_1_38' title="bbox 197 1985 1694 2037; baseline 0.001 -17"><span class='ocrx_word' id='word_1_410' title='bbox 197 1988 334 2021; x_wconf 81' lang='lat' dir='ltr'>fructus</span> <span class='ocrx_word' id='word_1_411' title='bbox 363 1986 540 2021; x_wconf 86' lang='lat' dir='ltr'>illaborati</span> <span class='ocrx_word' id='word_1_412' title='bbox 567 1987 721 2021; x_wconf 84' lang='lat' dir='ltr'>offerunt</span> <span class='ocrx_word' id='word_1_413' title='bbox 748 1999 853 2022; x_wconf 87' lang='lat' dir='ltr'>sese</span> <span class='ocrx_word' id='word_1_414' title='bbox 877 1990 942 2030; x_wconf 93' lang='grc'>12,</span> <span class='ocrx_word' id='word_1_415' title='bbox 970 1989 1036 2030; x_wconf 94' lang='grc'>10,</span> <span class='ocrx_word' id='word_1_416' title='bbox 1062 1987 1119 2022; x_wconf 88' lang='grc'><strong>79.</strong></span> <span class='ocrx_word' id='word_1_417' title='bbox 1143 1985 1189 2028; x_wconf 84' lang='lat' dir='ltr'>cs.</span> <span class='ocrx_word' id='word_1_418' title='bbox 1217 1989 1282 2030; x_wconf 91' lang='grc'>10,</span> <span class='ocrx_word' id='word_1_419' title='bbox 1311 1989 1354 2030; x_wconf 84' lang='grc'>1,</span> <span class='ocrx_word' id='word_1_420' title='bbox 1379 1988 1414 2025; x_wconf 86' lang='grc'>6.</span> <span class='ocrx_word' id='word_1_421' title='bbox 1449 1986 1510 2032; x_wconf 80' lang='lat' dir='ltr'>qni</span> <span class='ocrx_word' id='word_1_422' title='bbox 1533 1986 1573 2021; x_wconf 78' lang='lat' dir='ltr'>iu</span> <span class='ocrx_word' id='word_1_423' title='bbox 1601 1987 1694 2037; x_wconf 53' lang='lat' dir='ltr'>iqua</span> 
     </span>
     <span class='ocr_line' id='line_1_39' title="bbox 197 2032 1694 2079; baseline 0.001 -12"><span class='ocrx_word' id='word_1_424' title='bbox 197 2033 353 2067; x_wconf 86' lang='lat' dir='ltr'>concitat</span> <span class='ocrx_word' id='word_1_425' title='bbox 378 2045 418 2066; x_wconf 90' lang='lat' dir='ltr'>se</span> <span class='ocrx_word' id='word_1_426' title='bbox 445 2034 479 2076; x_wconf 88' lang='lat'>6,</span> <span class='ocrx_word' id='word_1_427' title='bbox 504 2036 538 2076; x_wconf 88' lang='grc'>2,</span> <span class='ocrx_word' id='word_1_428' title='bbox 565 2036 610 2068; x_wconf 91' lang='grc'>27</span> <span class='ocrx_word' id='word_1_429' title='bbox 624 2034 672 2068; x_wconf 89' lang='grc' dir='ltr'><strong>Ν.</strong></span> <span class='ocrx_word' id='word_1_430' title='bbox 701 2034 800 2078; x_wconf 85' lang='lat' dir='ltr'>quasi</span> <span class='ocrx_word' id='word_1_431' title='bbox 828 2033 1042 2079; x_wconf 15' lang='lat' dir='ltr'>dicatvintra</span> <span class='ocrx_word' id='word_1_432' title='bbox 1070 2043 1118 2066; x_wconf 91' lang='lat' dir='ltr'>se</span> <span class='ocrx_word' id='word_1_433' title='bbox 1146 2032 1302 2076; x_wconf 89' lang='lat' dir='ltr'>ipsum</span> <span class='ocrx_word' id='word_1_434' title='bbox 1327 2034 1384 2076; x_wconf 85' lang='grc'>10,</span> <span class='ocrx_word' id='word_1_435' title='bbox 1407 2036 1442 2074; x_wconf 90' lang='grc'>7,</span> <span class='ocrx_word' id='word_1_436' title='bbox 1467 2032 1514 2068; x_wconf 85' lang='grc'>25</span> <span class='ocrx_word' id='word_1_437' title='bbox 1538 2034 1584 2068; x_wconf 82' lang='grc' dir='ltr'>Ν.</span> <span class='ocrx_word' id='word_1_438' title='bbox 1611 2044 1694 2069; x_wconf 77' lang='lat' dir='ltr'>cum</span> 
     </span>
     <span class='ocr_line' id='line_1_40' title="bbox 195 2077 1728 2124; baseline 0.002 -12"><span class='ocrx_word' id='word_1_439' title='bbox 195 2079 293 2123; x_wconf 86' lang='lat' dir='ltr'>ipse</span> <span class='ocrx_word' id='word_1_440' title='bbox 317 2091 424 2113; x_wconf 92' lang='lat' dir='ltr'>sese</span> <span class='ocrx_word' id='word_1_441' title='bbox 452 2085 642 2114; x_wconf 86' lang='lat' dir='ltr'>conaretur</span> <span class='ocrx_word' id='word_1_442' title='bbox 664 2079 830 2114; x_wconf 82' lang='lat' dir='ltr'>occidere</span> <span class='ocrx_word' id='word_1_443' title='bbox 857 2082 898 2118; x_wconf 85' lang='lat'>5.</span> <span class='ocrx_word' id='word_1_444' title='bbox 923 2082 984 2120; x_wconf 88' lang='grc'>10,</span> <span class='ocrx_word' id='word_1_445' title='bbox 1014 2079 1072 2114; x_wconf 90' lang='grc'><strong>69.</strong></span> <span class='ocrx_word' id='word_1_446' title='bbox 1108 2077 1261 2114; x_wconf 76' lang='lat' dir='ltr'>imitatio</span> <span class='ocrx_word' id='word_1_447' title='bbox 1289 2090 1372 2124; x_wconf 84' lang='lat' dir='ltr'>per</span> <span class='ocrx_word' id='word_1_448' title='bbox 1401 2090 1452 2113; x_wconf 88' lang='lat' dir='ltr'>se</span> <span class='ocrx_word' id='word_1_449' title='bbox 1488 2079 1594 2123; x_wconf 84' lang='lat' dir='ltr'>ipsa</span> <span class='ocrx_word' id='word_1_450' title='bbox 1614 2089 1695 2115; x_wconf 73' lang='lat' dir='ltr'>non</span> <span class='ocrx_word' id='word_1_451' title='bbox 1720 2112 1728 2120; x_wconf 56' lang='grc'>,,</span> 
     </span>
     <span class='ocr_line' id='line_1_41' title="bbox 196 2124 1728 2169; baseline 0 -9"><span class='ocrx_word' id='word_1_452' title='bbox 196 2125 327 2160; x_wconf 83' lang='lat' dir='ltr'>sufficit</span> <span class='ocrx_word' id='word_1_453' title='bbox 351 2128 416 2166; x_wconf 87' lang='lat'>10,</span> <span class='ocrx_word' id='word_1_454' title='bbox 442 2128 483 2166; x_wconf 83' lang='lat'>2,</span> <span class='ocrx_word' id='word_1_455' title='bbox 509 2124 544 2159; x_wconf 85' lang='lat'>4.</span> <span class='ocrx_word' id='word_1_456' title='bbox 575 2125 619 2167; x_wconf 86' lang='lat' dir='ltr'>cs.</span> <span class='ocrx_word' id='word_1_457' title='bbox 644 2129 678 2168; x_wconf 95' lang='lat'>7,</span> <span class='ocrx_word' id='word_1_458' title='bbox 703 2129 745 2168; x_wconf 88' lang='grc'>2,</span> <span class='ocrx_word' id='word_1_459' title='bbox 771 2125 828 2160; x_wconf 85' lang='grc'>41.</span> <span class='ocrx_word' id='word_1_460' title='bbox 854 2125 922 2159; x_wconf 90' lang='lat' dir='ltr'>nisi</span> <span class='ocrx_word' id='word_1_461' title='bbox 950 2136 999 2159; x_wconf 85' lang='lat' dir='ltr'>ex</span> <span class='ocrx_word' id='word_1_462' title='bbox 1022 2124 1144 2159; x_wconf 82' lang='lat' dir='ltr'>verbis</span> <span class='ocrx_word' id='word_1_463' title='bbox 1171 2131 1243 2169; x_wconf 81' lang='lat' dir='ltr'>atq.</span> <span class='ocrx_word' id='word_1_464' title='bbox 1266 2124 1451 2160; x_wconf 84' lang='lat' dir='ltr'>sententiis</span> <span class='ocrx_word' id='word_1_465' title='bbox 1476 2134 1562 2169; x_wconf 84' lang='lat' dir='ltr'>per</span> <span class='ocrx_word' id='word_1_466' title='bbox 1582 2134 1695 2160; x_wconf 71' lang='lat' dir='ltr'>sese</span> <span class='ocrx_word' id='word_1_467' title='bbox 1724 2126 1728 2131; x_wconf 86' lang='grc'><em>“</em></span> 
     </span>
     <span class='ocr_line' id='line_1_42' title="bbox 196 2169 1728 2219; baseline 0 -13"><span class='ocrx_word' id='word_1_468' title='bbox 196 2171 233 2206; x_wconf 89' lang='lat' dir='ltr'>id</span> <span class='ocrx_word' id='word_1_469' title='bbox 260 2171 442 2216; x_wconf 83' lang='lat' dir='ltr'>quaeritur</span> <span class='ocrx_word' id='word_1_470' title='bbox 465 2173 499 2215; x_wconf 88' lang='lat'>9,</span> <span class='ocrx_word' id='word_1_471' title='bbox 524 2170 563 2207; x_wconf 88' lang='lat'>4.</span> <span class='ocrx_word' id='word_1_472' title='bbox 592 2174 669 2205; x_wconf 89' lang='grc'><strong>137.</strong></span> <span class='ocrx_word' id='word_1_473' title='bbox 696 2183 787 2216; x_wconf 80' lang='lat' dir='ltr'>quae</span> <span class='ocrx_word' id='word_1_474' title='bbox 812 2178 938 2206; x_wconf 84' lang='lat' dir='ltr'>contra</span> <span class='ocrx_word' id='word_1_475' title='bbox 962 2175 1107 2204; x_wconf 88' lang='lat' dir='ltr'>semet</span> <span class='ocrx_word' id='word_1_476' title='bbox 1134 2169 1240 2215; x_wconf 84' lang='lat' dir='ltr'>ipsa</span> <span class='ocrx_word' id='word_1_477' title='bbox 1262 2176 1423 2219; x_wconf 79' lang='lat' dir='ltr'>pugnent</span> <span class='ocrx_word' id='word_1_478' title='bbox 1447 2171 1482 2215; x_wconf 88' lang='grc'>5,</span> <span class='ocrx_word' id='word_1_479' title='bbox 1506 2173 1563 2214; x_wconf 84' lang='grc'>13,</span> <span class='ocrx_word' id='word_1_480' title='bbox 1586 2172 1634 2206; x_wconf 82' lang='grc'><strong>30</strong></span> <span class='ocrx_word' id='word_1_481' title='bbox 1648 2174 1693 2206; x_wconf 88' lang='grc' dir='ltr'>Ζ.</span> <span class='ocrx_word' id='word_1_482' title='bbox 1721 2174 1728 2182; x_wconf 90' lang='grc'><em>“</em></span> 
     </span>
     <span class='ocr_line' id='line_1_43' title="bbox 195 2214 1728 2264; baseline 0 -12"><span class='ocrx_word' id='word_1_483' title='bbox 195 2230 228 2252; x_wconf 85' lang='grc' dir='ltr'>υ.</span> <span class='ocrx_word' id='word_1_484' title='bbox 247 2219 364 2262; x_wconf 91' lang='lat' dir='ltr'>Ipse.</span> <span class='ocrx_word' id='word_1_485' title='bbox 389 2219 490 2252; x_wconf 87' lang='lat' dir='ltr'>Per.</span> <span class='ocrx_word' id='word_1_486' title='bbox 538 2214 581 2260; x_wconf 83' lang='grc' dir='ltr'>ὃ)</span> <span class='ocrx_word' id='word_1_487' title='bbox 611 2219 754 2251; x_wconf 74' lang='lat' dir='ltr'>Abzat..·</span> <span class='ocrx_word' id='word_1_488' title='bbox 788 2216 827 2250; x_wconf 91' lang='lat' dir='ltr'>in</span> <span class='ocrx_word' id='word_1_489' title='bbox 849 2216 1076 2264; x_wconf 81' lang='lat' dir='ltr'>gravissimas</span> <span class='ocrx_word' id='word_1_490' title='bbox 1099 2227 1233 2260; x_wconf 87' lang='lat' dir='ltr'>poenas</span> <span class='ocrx_word' id='word_1_491' title='bbox 1257 2229 1278 2251; x_wconf 78' lang='lat' dir='ltr'>a</span> <span class='ocrx_word' id='word_1_492' title='bbox 1305 2220 1459 2252; x_wconf 79' lang='lat' dir='ltr'>semet</span> <span class='ocrx_word' id='word_1_493' title='bbox 1477 2215 1609 2260; x_wconf 80' lang='lat' dir='ltr'>ipsis</span> <span class='ocrx_word' id='word_1_494' title='bbox 1633 2217 1692 2252; x_wconf 85' lang='lat' dir='ltr'>in—</span> <span class='ocrx_word' id='word_1_495' title='bbox 1724 2252 1728 2258; x_wconf 81' lang='grc'><strong>,</strong></span> 
     </span>
     <span class='ocr_line' id='line_1_44' title="bbox 195 2261 1728 2307; baseline -0.001 -10"><span class='ocrx_word' id='word_1_496' title='bbox 195 2265 349 2298; x_wconf 86' lang='lat' dir='ltr'>duantur</span> <span class='ocrx_word' id='word_1_497' title='bbox 373 2266 438 2307; x_wconf 84' lang='lat'>12,</span> <span class='ocrx_word' id='word_1_498' title='bbox 467 2266 508 2306; x_wconf 91' lang='lat'>1,</span> <span class='ocrx_word' id='word_1_499' title='bbox 535 2265 570 2298; x_wconf 86' lang='lat'>3.</span> <span class='ocrx_word' id='word_1_500' title='bbox 603 2262 721 2297; x_wconf 88' lang='lat' dir='ltr'>audita</span> <span class='ocrx_word' id='word_1_501' title='bbox 753 2274 912 2297; x_wconf 85' lang='lat' dir='ltr'>secum</span> <span class='ocrx_word' id='word_1_502' title='bbox 943 2263 1080 2297; x_wconf 84' lang='lat' dir='ltr'>referre</span> <span class='ocrx_word' id='word_1_503' title='bbox 1104 2265 1147 2305; x_wconf 92' lang='grc'>2,</span> <span class='ocrx_word' id='word_1_504' title='bbox 1174 2266 1220 2307; x_wconf 91' lang='grc'>2,</span> <span class='ocrx_word' id='word_1_505' title='bbox 1251 2265 1276 2298; x_wconf 90' lang='grc'>8</span> <span class='ocrx_word' id='word_1_506' title='bbox 1309 2275 1343 2298; x_wconf 82' lang='lat' dir='ltr'>v.</span> <span class='ocrx_word' id='word_1_507' title='bbox 1364 2262 1495 2306; x_wconf 45' lang='lat' dir='ltr'>Cum(</span> <span class='ocrx_word' id='word_1_508' title='bbox 1515 2261 1692 2297; x_wconf 76' lang='lat' dir='ltr'>nihildum</span> <span class='ocrx_word' id='word_1_509' title='bbox 1724 2283 1728 2286; x_wconf 93' lang='lat'><em>-</em></span> 
     </span>
     <span class='ocr_line' id='line_1_45' title="bbox 193 2291 1728 2356; baseline -0.001 -12"><span class='ocrx_word' id='word_1_510' title='bbox 193 2310 327 2354; x_wconf 88' lang='lat' dir='ltr'>ipsae</span> <span class='ocrx_word' id='word_1_511' title='bbox 350 2320 524 2356; x_wconf 82' lang='lat' dir='ltr'>generare</span> <span class='ocrx_word' id='word_1_512' title='bbox 548 2320 608 2343; x_wconf 85' lang='lat' dir='ltr'>ex</span> <span class='ocrx_word' id='word_1_513' title='bbox 633 2321 680 2343; x_wconf 85' lang='lat' dir='ltr'>se</span> <span class='ocrx_word' id='word_1_514' title='bbox 704 2315 839 2354; x_wconf 87' lang='lat' dir='ltr'>queunt</span> <span class='ocrx_word' id='word_1_515' title='bbox 866 2312 898 2352; x_wconf 91' lang='lat'>1,</span> <span class='ocrx_word' id='word_1_516' title='bbox 925 2312 957 2352; x_wconf 88' lang='lat'>1,</span> <span class='ocrx_word' id='word_1_517' title='bbox 982 2309 1038 2343; x_wconf 87' lang='grc'>36.</span> <span class='ocrx_word' id='word_1_518' title='bbox 1063 2308 1124 2353; x_wconf 86' lang='lat' dir='ltr'>qui</span> <span class='ocrx_word' id='word_1_519' title='bbox 1147 2308 1186 2342; x_wconf 88' lang='lat' dir='ltr'>in</span> <span class='ocrx_word' id='word_1_520' title='bbox 1210 2308 1350 2354; x_wconf 86' lang='lat' dir='ltr'>actione</span> <span class='ocrx_word' id='word_1_521' title='bbox 1371 2310 1575 2345; x_wconf 64' lang='lat' dir='ltr'>Iberia-ae</span> <span class='ocrx_word' id='word_1_522' title='bbox 1597 2310 1691 2344; x_wconf 80' lang='lat' dir='ltr'>her-</span> <span class='ocrx_word' id='word_1_523' title='bbox 1712 2291 1728 2346; x_wconf 54' lang='lat' dir='ltr'>‘J</span> 
     </span>
     <span class='ocr_line' id='line_1_46' title="bbox 192 2355 1460 2401; baseline 0.001 -12"><span class='ocrx_word' id='word_1_524' title='bbox 192 2359 288 2399; x_wconf 83' lang='lat' dir='ltr'>bas,</span> <span class='ocrx_word' id='word_1_525' title='bbox 314 2367 358 2390; x_wconf 88' lang='lat' dir='ltr'>se</span> <span class='ocrx_word' id='word_1_526' title='bbox 386 2357 466 2390; x_wconf 91' lang='lat' dir='ltr'>solo</span> <span class='ocrx_word' id='word_1_527' title='bbox 489 2355 730 2400; x_wconf 81' lang='lat' dir='ltr'>nequidquam</span> <span class='ocrx_word' id='word_1_528' title='bbox 753 2355 1094 2401; x_wconf 81' lang='lat' dir='ltr'>intelligente,</span> <span class='ocrx_word' id='word_1_529' title='bbox 1119 2355 1262 2389; x_wconf 89' lang='lat' dir='ltr'>dicebat</span> <span class='ocrx_word' id='word_1_530' title='bbox 1286 2357 1332 2399; x_wconf 88' lang='grc'>8,</span> <span class='ocrx_word' id='word_1_531' title='bbox 1355 2357 1400 2398; x_wconf 85' lang='grc'>2,</span> <span class='ocrx_word' id='word_1_532' title='bbox 1425 2357 1460 2390; x_wconf 87' lang='grc'>2.</span> 
     </span>
    </p>
   </div>
   <div class='ocr_carea' id='block_1_8' title="bbox 147 2399 1708 2664">
    <p class='ocr_par' dir='ltr' id='par_1_10' title="bbox 148 2399 1708 2503">
     <span class='ocr_line' id='line_1_47' title="bbox 148 2399 1689 2457; baseline 0 -11"><span class='ocrx_word' id='word_1_533' title='bbox 148 2399 316 2442; x_wconf 70' lang='lat' dir='ltr'>sulcus·</span> <span class='ocrx_word' id='word_1_534' title='bbox 360 2412 496 2447; x_wconf 84' lang='lat' dir='ltr'>semina</span> <span class='ocrx_word' id='word_1_535' title='bbox 521 2412 765 2457; x_wconf 80' lang='lat' dir='ltr'>praemollitus</span> <span class='ocrx_word' id='word_1_536' title='bbox 787 2412 890 2448; x_wconf 80' lang='lat' dir='ltr'>fovet</span> <span class='ocrx_word' id='word_1_537' title='bbox 915 2423 944 2446; x_wconf 89' lang='lat' dir='ltr'>s.</span> <span class='ocrx_word' id='word_1_538' title='bbox 970 2414 1016 2455; x_wconf 88' lang='grc'>2,</span> <span class='ocrx_word' id='word_1_539' title='bbox 1041 2412 1083 2456; x_wconf 90' lang='grc'>9,</span> <span class='ocrx_word' id='word_1_540' title='bbox 1108 2413 1142 2448; x_wconf 82' lang='grc'>3.</span> <span class='ocrx_word' id='word_1_541' title='bbox 1172 2418 1214 2447; x_wconf 85' lang='lat' dir='ltr'>ut</span> <span class='ocrx_word' id='word_1_542' title='bbox 1242 2422 1310 2457; x_wconf 87' lang='lat' dir='ltr'>per</span> <span class='ocrx_word' id='word_1_543' title='bbox 1338 2408 1422 2447; x_wconf 86' lang='lat' dir='ltr'>illos</span> <span class='ocrx_word' id='word_1_544' title='bbox 1444 2411 1549 2449; x_wconf 81' lang='lat' dir='ltr'>velut</span> <span class='ocrx_word' id='word_1_545' title='bbox 1565 2412 1689 2448; x_wconf 79' lang='lat' dir='ltr'>sulcos</span> 
     </span>
     <span class='ocr_line' id='line_1_48' title="bbox 194 2460 1708 2503; baseline 0.005 -12"><span class='ocrx_word' id='word_1_546' title='bbox 194 2460 342 2493; x_wconf 86' lang='lat' dir='ltr'>ducatur</span> <span class='ocrx_word' id='word_1_547' title='bbox 365 2460 466 2493; x_wconf 89' lang='lat' dir='ltr'>stilus</span> <span class='ocrx_word' id='word_1_548' title='bbox 492 2462 525 2503; x_wconf 89' lang='lat'>1,</span> <span class='ocrx_word' id='word_1_549' title='bbox 552 2462 582 2500; x_wconf 92' lang='lat'>1,</span> <span class='ocrx_word' id='word_1_550' title='bbox 607 2460 664 2494; x_wconf 89' lang='grc'>27.</span> <span class='ocrx_word' id='word_1_551' title='bbox 1697 2483 1708 2496; x_wconf 61' lang='lat' dir='ltr'><em>a</em></span> 
     </span>
    </p>

    <p class='ocr_par' dir='ltr' id='par_1_11' title="bbox 148 2502 1706 2606">
     <span class='ocr_line' id='line_1_49' title="bbox 148 2502 1706 2562; baseline 0.004 -20"><span class='ocrx_word' id='word_1_552' title='bbox 148 2502 307 2544; x_wconf 84' lang='lat' dir='ltr'>Sulfur.</span> <span class='ocrx_word' id='word_1_553' title='bbox 336 2535 383 2541; x_wconf 84' lang='lat'><strong>—</strong></span> <span class='ocrx_word' id='word_1_554' title='bbox 405 2528 430 2550; x_wconf 84' lang='lat' dir='ltr'>u</span> <span class='ocrx_word' id='word_1_555' title='bbox 452 2515 491 2549; x_wconf 87' lang='lat' dir='ltr'>in</span> <span class='ocrx_word' id='word_1_556' title='bbox 513 2515 675 2562; x_wconf 82' lang='lat' dir='ltr'>genitivo</span> <span class='ocrx_word' id='word_1_557' title='bbox 698 2520 819 2550; x_wconf 83' lang='lat' dir='ltr'>servat</span> <span class='ocrx_word' id='word_1_558' title='bbox 846 2517 888 2558; x_wconf 90' lang='lat'>1,</span> <span class='ocrx_word' id='word_1_559' title='bbox 910 2514 954 2557; x_wconf 83' lang='lat'>6,</span> <span class='ocrx_word' id='word_1_560' title='bbox 984 2517 1030 2548; x_wconf 85' lang='lat'>22</span> <span class='ocrx_word' id='word_1_561' title='bbox 1052 2526 1139 2559; x_wconf 80' lang='lat' dir='ltr'>seqq.</span> <span class='ocrx_word' id='word_1_562' title='bbox 1172 2514 1202 2549; x_wconf 79' lang='lat' dir='ltr'>si</span> <span class='ocrx_word' id='word_1_563' title='bbox 1227 2514 1400 2560; x_wconf 83' lang='lat' dir='ltr'>judicium</span> <span class='ocrx_word' id='word_1_564' title='bbox 1423 2513 1486 2550; x_wconf 79' lang='lat' dir='ltr'>his</span> <span class='ocrx_word' id='word_1_565' title='bbox 1509 2511 1706 2558; x_wconf 65' lang='lat' dir='ltr'>corruptis</span> 
     </span>
     <span class='ocr_line' id='line_1_50' title="bbox 191 2559 1209 2606; baseline 0.004 -14"><span class='ocrx_word' id='word_1_566' title='bbox 191 2559 306 2593; x_wconf 87' lang='lat' dir='ltr'>aerius</span> <span class='ocrx_word' id='word_1_567' title='bbox 331 2562 521 2606; x_wconf 87' lang='lat' dir='ltr'>adhibeas,</span> <span class='ocrx_word' id='word_1_568' title='bbox 546 2568 584 2596; x_wconf 84' lang='lat' dir='ltr'>ut</span> <span class='ocrx_word' id='word_1_569' title='bbox 610 2561 739 2595; x_wconf 79' lang='lat' dir='ltr'>fucinis</span> <span class='ocrx_word' id='word_1_570' title='bbox 765 2561 901 2594; x_wconf 70' lang='lat' dir='ltr'>sulfura</span> <span class='ocrx_word' id='word_1_571' title='bbox 928 2563 984 2602; x_wconf 86' lang='lat'>12,</span> <span class='ocrx_word' id='word_1_572' title='bbox 1010 2563 1067 2604; x_wconf 87' lang='lat'>10,</span> <span class='ocrx_word' id='word_1_573' title='bbox 1094 2561 1141 2596; x_wconf 88' lang='grc'>76</span> <span class='ocrx_word' id='word_1_574' title='bbox 1159 2563 1209 2596; x_wconf 84' lang='grc' dir='ltr'>Ν.</span> 
     </span>
    </p>

    <p class='ocr_par' dir='ltr' id='par_1_12' title="bbox 147 2602 997 2664">
     <span class='ocr_line' id='line_1_51' title="bbox 147 2602 997 2664; baseline -0.001 -12"><span class='ocrx_word' id='word_1_575' title='bbox 147 2602 380 2647; x_wconf 82' lang='lat' dir='ltr'>Sullaturit-</span> <span class='ocrx_word' id='word_1_576' title='bbox 429 2622 514 2653; x_wconf 64' lang='lat' dir='ltr'>cio.</span> <span class='ocrx_word' id='word_1_577' title='bbox 541 2619 577 2664; x_wconf 84' lang='lat'>8,</span> <span class='ocrx_word' id='word_1_578' title='bbox 603 2621 638 2662; x_wconf 85' lang='lat'>3,</span> <span class='ocrx_word' id='word_1_579' title='bbox 662 2620 720 2654; x_wconf 85' lang='lat'>82.</span> <span class='ocrx_word' id='word_1_580' title='bbox 749 2617 794 2659; x_wconf 65' lang='lat' dir='ltr'>cs.</span> <span class='ocrx_word' id='word_1_581' title='bbox 821 2619 856 2661; x_wconf 86' lang='lat'>8,</span> <span class='ocrx_word' id='word_1_582' title='bbox 883 2617 919 2660; x_wconf 88' lang='lat'>6,</span> <span class='ocrx_word' id='word_1_583' title='bbox 939 2619 997 2652; x_wconf 82' lang='lat'>32.</span> 
     </span>
    </p>
   </div>
   <div class='ocr_carea' id='block_1_9' title="bbox 144 2659 1702 2764">
    <p class='ocr_par' dir='ltr' id='par_1_13' title="bbox 144 2659 1702 2764">
     <span class='ocr_line' id='line_1_52' title="bbox 144 2659 1702 2719; baseline -0.008 -4"><span class='ocrx_word' id='word_1_584' title='bbox 144 2659 262 2701; x_wconf 71' lang='lat' dir='ltr'><strong>sum·</strong></span> <span class='ocrx_word' id='word_1_585' title='bbox 301 2674 331 2713; x_wconf 88' lang='grc' dir='ltr'>Ῑ)</span> <span class='ocrx_word' id='word_1_586' title='bbox 355 2677 378 2707; x_wconf 86' lang='lat' dir='ltr'>i.</span> <span class='ocrx_word' id='word_1_587' title='bbox 401 2688 430 2719; x_wconf 84' lang='lat' dir='ltr'>q.</span> <span class='ocrx_word' id='word_1_588' title='bbox 458 2683 571 2709; x_wconf 73' lang='lat' dir='ltr'>exto:</span> <span class='ocrx_word' id='word_1_589' title='bbox 597 2686 670 2709; x_wconf 91' lang='lat' dir='ltr'>non</span> <span class='ocrx_word' id='word_1_590' title='bbox 694 2675 824 2717; x_wconf 83' lang='lat' dir='ltr'>statim,</span> <span class='ocrx_word' id='word_1_591' title='bbox 855 2675 950 2719; x_wconf 88' lang='lat' dir='ltr'>quod</span> <span class='ocrx_word' id='word_1_592' title='bbox 975 2685 1082 2708; x_wconf 88' lang='lat' dir='ltr'>esse</span> <span class='ocrx_word' id='word_1_593' title='bbox 1106 2674 1335 2708; x_wconf 84' lang='lat' dir='ltr'>manifestum</span> <span class='ocrx_word' id='word_1_594' title='bbox 1358 2677 1424 2715; x_wconf 83' lang='lat' dir='ltr'>est,</span> <span class='ocrx_word' id='word_1_595' title='bbox 1450 2670 1555 2705; x_wconf 81' lang='lat' dir='ltr'>etiam</span> <span class='ocrx_word' id='word_1_596' title='bbox 1580 2669 1702 2716; x_wconf 68' lang='lat' dir='ltr'>quid?</span> 
     </span>
     <span class='ocr_line' id='line_1_53' title="bbox 187 2717 1685 2764; baseline -0.002 -9"><span class='ocrx_word' id='word_1_597' title='bbox 187 2717 271 2761; x_wconf 84' lang='lat' dir='ltr'>sit,</span> <span class='ocrx_word' id='word_1_598' title='bbox 305 2726 449 2763; x_wconf 82' lang='lat' dir='ltr'>apparet</span> <span class='ocrx_word' id='word_1_599' title='bbox 472 2723 514 2763; x_wconf 89' lang='grc'>3,</span> <span class='ocrx_word' id='word_1_600' title='bbox 539 2722 581 2764; x_wconf 88' lang='grc'>6,</span> <span class='ocrx_word' id='word_1_601' title='bbox 607 2724 664 2757; x_wconf 85' lang='grc'>81.</span> <span class='ocrx_word' id='word_1_602' title='bbox 709 2734 742 2755; x_wconf 85' lang='lat' dir='ltr'>v.</span> <span class='ocrx_word' id='word_1_603' title='bbox 774 2720 866 2755; x_wconf 82' lang='lat' dir='ltr'>Fio.</span> <span class='ocrx_word' id='word_1_604' title='bbox 902 2723 962 2754; x_wconf 83' lang='lat' dir='ltr'>sub</span> <span class='ocrx_word' id='word_1_605' title='bbox 993 2720 1149 2755; x_wconf 87' lang='lat' dir='ltr'>Facio.</span> <span class='ocrx_word' id='word_1_606' title='bbox 1197 2718 1246 2764; x_wconf 77' lang='lat' dir='ltr'>a)</span> <span class='ocrx_word' id='word_1_607' title='bbox 1269 2720 1311 2752; x_wconf 79' lang='lat' dir='ltr'>de</span> <span class='ocrx_word' id='word_1_608' title='bbox 1338 2720 1507 2760; x_wconf 78' lang='lat' dir='ltr'>personis.-</span> <span class='ocrx_word' id='word_1_609' title='bbox 1553 2718 1685 2752; x_wconf 74' lang='lat' dir='ltr'>&#39;restes</span> 
     </span>
    </p>
   </div>
   <div class='ocr_carea' id='block_1_10' title="bbox 1694 2347 1728 3002">
    <p class='ocr_par' dir='ltr' id='par_1_14' title="bbox 1694 2347 1728 3002">
     <span class='ocr_line' id='line_1_54' title="bbox 1704 2347 1728 2596; baseline 0 0"><span class='ocrx_word' id='word_1_610' title='bbox 1704 2347 1728 2596; x_wconf 95' lang='lat' dir='ltr'>  </span> 
     </span>
     <span class='ocr_line' id='line_1_55' title="bbox 1694 2596 1728 3002; baseline 0 -249"><span class='ocrx_word' id='word_1_611' title='bbox 1694 2596 1728 3002; x_wconf 95' lang='lat' dir='ltr'>   </span> 
     </span>
    </p>
   </div>
  </div>
 </body>
</html>
