1728 3002
0 0 31 61 Ψ

0 71 26 112 χ.

0 103 31 124 ,φ“

613 159 770 210 Annuo
798 184 855 193 —-
883 158 1001 202 Ante
1161 157 1169 160 ”
1518 162 1574 202 67

0 212 211 462 &2:11⁰st
263 274 490 312 annuendi
527 279 564 310 et
596 273 824 310 renuendi
851 272 993 309 ratione
1022 271 1254 308 demittuntur
1284 276 1346 308 ant
1373 273 1574 310 allevantur

84 320 274 370 mpemffiu
294 325 353 366 11,
375 324 412 366 3,
427 323 492 366 79.
519 333 556 356 v.
581 322 749 356 Renuo.

31 419 34 422 y
139 375 206 411 118.
233 372 288 423 Ἰ)
315 381 360 413 de
379 386 538 422 ternpore.
583 379 625 421 ε)
651 379 767 411 Amat.
783 391 793 411 .·
822 387 904 412 cum
927 386 1044 410 anno
1070 375 1180 411 vidua
1204 374 1333 410 fuiszet
1348 375 1390 420 r5,
1412 377 1506 420 13,9
1521 378 1568 412 N.

81 430 121 460 et
144 427 180 460 S.
218 424 339 459 multis
369 423 497 459 annis
525 435 600 459 non
631 423 820 458 sensissem
844 425 886 466 3,
908 422 950 465 6,
973 423 1030 457 63.
1072 427 1127 456 101
1157 422 1259 455 annis
1292 421 1353 467 (α.
1380 426 1403 455 1.
1432 423 1570 468 annos)

15 470 30 499 ‘.
80 471 202 506 forum
227 481 301 505 non
327 469 484 518 attigeris
511 469 615 512 (Cic.
643 483 677 513 p.
702 473 776 503 illu
788 483 815 503 r.
842 466 898 510 9.)
926 469 960 511 5,
978 470 1091 511 13,27
1109 469 1158 502 Ν.
1181 481 1228 502 cr.
1258 468 1329 502 hoc
1351 468 1422 512 jam
1440 469 1570 516 viginti

10 522 23 561 γ’
82 516 186 551 annis
210 516 317 551 audio
345 517 390 560 6,
413 518 455 559 3,
481 518 538 551 73.
587 515 723 550 Cinnae
746 516 942 560 Zmyrnam
968 524 1099 549 novem
1126 513 1228 548 annis
1254 514 1456 559 accepimus
1480 516 1570 550 scri-

3 574 20 622 ¹?
79 567 200 614 ptam,
227 561 546 641 ⁶².P⁸“¹l¹eg¹5¹'i‘.²¹¹m
568 559 1008 641 lffocrassislideffimffnniiff
1033 561 1254 647 elzssoerztum
1277 563 1339 613 10,.
1358 560 1455 640 4,fi4.
1494 567 1566 595 tam

81 609 731 700 zssssfflf‘iffssfffflsszzg
749 617 1120 697 12...2„0,’..⁰·.:.1·.
1145 619 1279 697 111‘1'1'1'2'1.
1289 617 1574 698 ⁸²}¹{.¹.¹.?’x‘¹3¹<3⁰⁷

79 711 185 735 αιτιοι
207 706 304 735 natus
326 697 471 742 dixerat)
502 701 557 743 12,
575 700 611 742 6,
624 698 659 733 4.
707 697 751 743 β)
778 701 923 743 pendens
946 710 969 745 ᾳ
993 701 1195 743 Pmeposs..·
1220 704 1304 733 ante
1326 700 1458 734 tutelae
1481 711 1568 735 suae

77 752 192 789 mos
213 748 256 788 7,
278 745 405 790 6,,10,
449 756 559 779 unum
580 745 672 779 intra
695 756 827 778 annum
851 747 914 786 11,
934 746 975 786 2,
999 745 1055 779 50.
1099 755 1235 778 nonum
1258 744 1296 778 in
1322 755 1405 779 ann.
1430 745 1494 790 Ep.
1521 747 1566 780 ad

70 790 219 836 Tryph-
243 793 278 826 2.
304 797 371 836 per
390 791 519 845 viginti
543 802 655 826 annos
681 792 738 825 Pr.
765 794 797 824 1.
834 791 878 824 de
901 788 1003 823 annis
1027 790 1152 824 aetatis
1178 801 1263 824 mae
1286 791 1322 834 6,
1346 793 1381 833 3,
1405 794 1462 826 73.
1495 802 1566 826 nec

63 847 235 880 «unquam
253 847 314 871 me
339 837 385 870 in
412 839 469 871 lus
497 837 663 871 discentis
687 847 768 870 ann.
796 837 968 879 offendat,
1002 834 1034 869 si
1057 835 1144 879 quid
1168 836 1383 879 superfuerit
1407 840 1444 880 2,
1465 836 1503 880 4,
1528 836 1562 872 4.

77 881 116 926 7)
142 884 290 923 iunctum
314 896 344 917 c.
372 885 515 917 Verbis.-
551 888 792 927 computamus
820 892 952 925 annos,
987 891 1063 915 non
1094 881 1222 926 quibus
1251 882 1468 925 studuimus,
1501 885 1566 918 sed

43 927 211 971 “quibus
231 927 390 962 viximus
416 931 473 972 12,
494 931 551 971 11,
570 930 624 964 19.
655 939 772 971 neque
795 938 863 975 ego
889 938 1001 962 annos
1025 927 1189 962 definiam
1215 930 1272 971 12,
1287 929 1322 970 6,
1339 931 1371 962 1.
1405 929 1567 973 quintum

13 976 38 993 ‘¹
68 982 213 1011 ,annum
237 983 402 1020 egressus
434 974 470 1016 6,
491 973 550 1007 Pr.
574 975 610 1008 6.
647 979 700 1008 tot
723 984 836 1008 annos
863 975 1105 1016 extimuerunt
1128 976 1192 1016 12,
1217 976 1285 1016 11,
1304 976 1361 1008 20.
1406 977 1569 1010 nondum

81 1019 228 1062 expleto
260 1018 384 1053 aetatis
411 1018 680 1058 undevicesimo
711 1029 794 1053 ann.
829 1020 874 1061 6,
898 1020 955 1054 Pr.
979 1017 1014 1052 4.
1062 1018 1116 1052 sic
1146 1025 1183 1053 et
1215 1029 1328 1054 annos
1356 1020 1496 1063 ferent,
1530 1028 1567 1055 et

81 1067 199 1098 aetate
221 1063 407 1108 proficient
420 1068 456 1108 2,
467 1065 503 1108 4,
522 1066 555 1100 9.
585 1071 703 1099 cetera
726 1065 867 1100 abunde
887 1066 1019 1099 multos
1043 1065 1090 1098 ad
1113 1065 1408 1100 dicendumann.
1434 1067 1566 1101 habent

80 1111 147 1152 12,
174 1111 238 1153 11,
262 1111 318 1145 13.
345 1109 392 1144 tri
416 1111 491 1144 inta
513 1122 553 1144 se
577 1121 690 1145 annos
717 1111 851 1146 habere
872 1111 915 1154 6,
940 1113 980 1153 3,
1005 1112 1051 1145 73
1073 1111 1122 1144 Ν.
1149 1117 1185 1145 et
1209 1113 1246 1145 S.
1282 1112 1456 1154 decesgit,
1483 1124 1565 1146 cum

77 1153 361 1199 §themanites
385 1121 540 1191 {mdcvi
568 1156 575 1162 ”
603 1156 629 1190 ti
644 1157 679 1199 8,
693 1157 793 1200 5,17.
823 1157 972 1190 multum
996 1156 1081 1190 inde
1105 1158 1306 1201 decoquent
1329 1159 1415 1192 anni
1433 1158 1515 1202 2‚4,
1528 1162 1564 1194 7.

80 1197 133 1244 ll)
153 1202 211 1235 De
229 1200 411 1238 horninibus
437 1167 740 1249 συίηιεέῃαειαιίεε
765 1202 848 1236 anni
873 1202 1073 1237 ferociores
1091 1205 1127 1245 2,
1144 1206 1179 1246 2,
1194 1205 1227 1237 3.
1254 1215 1274 1237 a
1299 1215 1358 1238 me
1380 1215 1449 1238 nec
1471 1206 1565 1238 ultra

30 1259 44 1294 j-
78 1244 236 1293 pueriles
267 1257 381 1282 annos
409 1247 634 1290 retinebitur,
670 1259 739 1282 nec
765 1248 810 1281 in
837 1249 894 1282 his
918 1248 1004 1294 ipsis
1028 1248 1090 1282 diu
1113 1251 1154 1291 1,
1180 1252 1244 1291 11,
1270 1251 1324 1286 19.
1366 1263 1443 1294 opp.
1469 1256 1566 1284 aetas

62 1291 261 1334 ⁴tolmatiol·
280 1295 315 1336 1,
330 1295 387 1335 12,
401 1296 432 1328 1.
462 1305 545 1328 ann.
570 1295 678 1328 rudes
703 1298 736 1336 1,
756 1298 788 1336 1,
806 1295 839 1328 5.
860 1297 916 1329 20.
943 1312 990 1320 -
1015 1294 1215 1329 teneriores
1233 1298 1268 1338 2,
1281 1299 1316 1338 2,
1331 1298 1364 1330 3.
1395 1302 1566 1341 quantum

77 1334 120 1376 in
150 1334 300 1372 infantia
330 1345 568 1383 praesumtum
602 1346 657 1374 est
686 1340 875 1384 temporis,
913 1340 1173 1375 adolescentiae
1205 1342 1407 1385 acquiritur.
1464 1344 1565 1376 Idem

12 1425 15 1427 ,
81 1381 188 1419 etiam
211 1384 256 1418 de
282 1385 512 1428 sequentibus
537 1385 640 1420 annis
662 1392 891 1430 praeceptum
915 1387 961 1420 sit
984 1390 1017 1430 1,
1043 1390 1076 1430 1,
1102 1388 1158 1422 19.
1185 1393 1225 1421 ut
1247 1387 1292 1420 in
1317 1388 1440 1432 primis
1462 1389 1566 1422 annis

22 1435 34 1478 f
77 1428 285 1464 laudaretur
308 1429 448 1466 indoles
471 1449 516 1456 -
541 1437 618 1465 tmn
642 1449 689 1456 —
711 1438 794 1478 post
814 1433 907 1467 haec
933 1440 997 1467 etc.
1025 1435 1061 1477 3,
1087 1436 1124 1477 7,
1154 1434 1208 1469 15.
1237 1433 1336 1467 aliud
1360 1434 1439 1468 aliis
1463 1434 1565 1468 annis

78 1474 193 1522 mugio
213 1476 385 1511 convenit
404 1477 440 1521 5,
465 1479 520 1521 10,
544 1478 602 1513 25.

3 1554 13 1559 —
34 1530 336 1599 Antapodosis·
382 1543 460 1579 sine
483 1545 694 1590 antapodosi
719 1546 755 1589 8,
781 1548 816 1589 3,
840 1545 899 1583 79.

0 1594 7 1607 ⁸
36 1587 167 1641 Ami
223 1599 255 1644 Ι)
276 1605 440 1647 Ρῃιεροι.
487 1615 511 1635 α
553 1604 596 1636 cle
620 1607 691 1636 loco
715 1610 748 1636 et
770 1611 938 1647 tempore.-
967 1608 1008 1636 ut
1030 1613 1172 1647 semper
1193 1602 1232 1637 in
1254 1608 1397 1647 promtu
1420 1603 1502 1646 sint,
1531 1609 1567 1637 et

8 1659 11 1661 ·
81 1651 166 1687 ante
190 1648 316 1682 oculos
337 1649 373 1692 8,
394 1649 452 1683 Pr.
478 1651 499 1682 2
525 1674 534 1682 .
564 1649 648 1681 dum
672 1649 802 1682 habeat
824 1655 906 1683 ante
929 1659 968 1682 se
992 1650 1141 1683 brevem
1162 1648 1273 1693 (syll.)
1285 1651 1321 1692 9,
1335 1648 1371 1692 4,
1389 1652 1467 1684 100.
1486 1651 1564 1684 102.

82 1692 236 1738 accipiet
257 1700 339 1729 ante
365 1705 405 1728 se
431 1695 584 1729 choreus
612 1701 648 1728 et
671 1694 916 1739 pyrrhichium
942 1697 985 1728 ib.
1011 1694 1089 1729 104.
1117 1701 1201 1729 ante
1223 1706 1264 1729 se
1287 1695 1456 1729 brevibus
1480 1707 1568 1742 gau-

10 1744 13 1746 ·
40 1741 50 1745 ”
83 1737 376 1783 det-pyrrhichio
402 1736 627 1775 vel‘choreo
654 1743 696 1773 ib.
724 1743 809 1782 111;
850 1751 984 1784 paucos
1013 1746 1095 1774 ante
1122 1752 1264 1775 menses
1290 1742 1325 1784 6,
1348 1742 1405 1775 Pr.
1431 1742 1464 1776 8.
1507 1740 1569 1786 qui

84 1786 168 1827 ante
190 1795 271 1818 eum
292 1786 433 1819 fuerant
450 1787 622 1829 12,2,19.
651 1787 830 1819 multum
856 1793 957 1820 ante
981 1787 1220 1830 quaestoriam
1245 1793 1394 1821 aetatem
1413 1788 1565 1830 12,6,>1.

46 1865 59 1870 ‚
82 1826 177 1869 fiber
200 1829 334 1883 primus
361 1833 442 1874 eas
460 1842 550 1876 quae
578 1837 660 1865 sunt
686 1837 767 1866 ante
794 1832 952 1866 officium
979 1833 1154 1876 oratoris,
1192 1833 1387 1867 continebit
1421 1833 1482 1868 Pr.
1507 1836 1566 1866 21.

85 1870 132 1917 β)
163 1873 280 1917 Ante
313 1876 478 1913 omnia.
536 1878 624 1919 a)1’.
650 1891 681 1922 q.
710 1881 750 1910 in
776 1881 946 1921 primis:
986 1881 1024 1921 1,
1051 1882 1089 1921 1,
1114 1881 1147 1913 3.
1198 1882 1238 1920 1,
1262 1882 1303 1921 2,
1330 1880 1363 1913 8.
1413 1882 1448 1921 2,
1473 1881 1508 1921 2,
1532 1878 1566 1911 4.

86 1918 124 1960 3,
136 1918 172 1960 6,
188 1919 244 1953 83.
272 1918 309 1962 4,
325 1923 360 1962 2,
377 1920 403 1954 4
422 1923 471 1955 N.
506 1924 551 1955 ib.
570 1923 650 1956 125.
684 1923 719 1965 5,
740 1925 796 1965 10,
815 1927 894 1957 121.
925 1924 960 1966 6,
981 1926 1015 1966 2,
1034 1926 1088 1958 13.
1120 1925 1156 1967 9,
1175 1927 1207 1967 1,
1225 1926 1282 1958 23.
1314 1927 1369 1966 10,
1389 1927 1423 1966 2,
1443 1923 1478 1958 4.
1505 1932 1565 1957 etc.

86 1961 187 2014 b).1·.
220 1977 252 2008 q.
285 1966 714 2007 primun-:Credibilis
749 1975 866 2008 autem
899 1969 966 2002 erit
996 1970 1153 2003 narratio
1188 1975 1294 2004 ante
1329 1969 1500 2011 omnia,
1537 1969 1568 2002 si

85 2017 186 2051 prmo
212 2010 491 2044 consuluerimus
515 2017 677 2045 nostrum
704 2013 856 2046 animum
884 2022 966 2056 εις-,ς
1004 2014 1198 2057 deinde,
1231 2014 1261 2047 si
1290 2026 1414 2048 causas
1440 2026 1481 2048 ac
1508 2013 1586 2047 ra-‘

86 2051 204 2087 tiones
228 2054 331 2088 factis
355 2057 662 2099 praeposuerimus
684 2056 730 2099 4,
755 2061 797 2100 2,
821 2060 877 2092 52.
922 2070 1003 2092 cum
1036 2060 1080 2093 sit
1111 2060 1149 2093 in
1180 2061 1383 2103 eloquendo
1415 2059 1570 2103 positiun

86 2098 242 2132 aratoris
267 2100 446 2142 officium,
480 2101 600 2135 dicere
634 2113 666 2134 a.
694 2112 803 2135 omn.
831 2109 906 2145 est;
931 2105 1261 2146 —*proximam
1287 2105 1456 2139 deinde
1475 2105 1570 2137 -imi-

85 2143 277 2188 tationem,
301 2146 600 2180 novissimam
623 2146 802 2181 scribendi
826 2159 968 2192 quoque
991 2149 1210 2194 diligentiam
1230 2152 1287 2191 10,
1307 2153 1340 2192 1,
1358 2152 1391 2184 3.
1421 2152 1571 2184 ducetur

85 2188 233 2233 (dicens)
251 2201 291 2227 a.
317 2201 431 2226 omn.
456 2203 578 2226 rerum
600 2191 676 2235 ipsa
701 2193 815 2235 serie,
852 2195 952 2227 velut
978 2194 1089 2227 duce:
1123 2212 1185 2228 —.
1242 2195 1449 2238 Deinde,
1484 2197 1570 2240 quid

135 2245 228 2279 oque
259 2237 342 2270 loco
375 2243 563 2281 quaerant,
600 2237 715 2271 scient
746 2256 808 2272 -—.
865 2239 1107 2273 Postremo
1144 2239 1326 2274 habebunt
1357 2243 1503 2275 modum
1534 2248 1570 2275 et

29 2297 35 2300 ·
82 2245 195 2315 gem
218 2283 275 2324 10,
298 2285 335 2325 7,
357 2283 390 2317 6.
436 2283 482 2318 A.
509 2294 619 2317 omn.
646 2300 688 2307 —
723 2294 796 2317 non
819 2285 948 2318 cadere
972 2284 1011 2317 in
1032 2295 1152 2319 rerum
1173 2291 1353 2331 nanu-am,
1380 2294 1437 2331 ut,
1465 2287 1570 2331 qnid·

74 2323 172 2368 quid
195 2337 268 2360 non
285 2333 346 2361 est
371 2329 524 2372 factum,
559 2340 606 2363 ne
634 2328 712 2363 fieri
744 2329 886 2373 quidem
914 2330 1045 2373 possit;
1091 2336 1183 2365 tum
1215 2333 1335 2366 omnia
1347 2335 1402 2356 “-
1430 2339 1570 2377 tempus

86 2369 259 2414 aliquod„
286 2383 357 2416 quo
386 2374 538 2418 primum
568 2374 814 2418 efficerentur,
850 2375 1016 2410 habuisse
1041 2395 1104 2410 -—.
1151 2377 1363 2423 Denique
1398 2379 1570 2423 quidquid

87 2420 143 2463 ent
172 2416 363 2468 optimum,
401 2426 482 2454 ante
512 2430 588 2454 non
617 2421 735 2455 fuerat
760 2424 823 2463 12,
851 2425 914 2463 11,
939 2423 995 2456 25.
1021 2422 1078 2456 26.
1116 2422 1288 2457 habemus
1320 2424 1429 2471 igitur
1459 2431 1571 2458 ante

87 2469 235 2496 omma
260 2462 379 2497 virum
403 2466 556 2508 bonum,
591 2473 692 2510 post
723 2467 833 2500 haec
861 2466 1002 2509 adjiciet
1028 2467 1168 2502 dicendi
1193 2469 1345 2513 peritum
1373 2474 1429 2513 12,
1455 2474 1488 2512 1,
1512 2474 1570 2504 27.

84 2509 381 2559 pute-omnia
407 2529 455 2537 —
483 2512 653 2546 deinde
680 2530 726 2538 —-·
754 2517 847 2545 tum
874 2512 1021 2547 etiam
1043 2511 1079 2556 4,
1102 2517 1137 2557 2,
1161 2513 1219 2549 40.
1266 2515 1385 2550 Ante
1417 2516 1570 2550 omnia

6 2571 13 2589 .
84 2557 217 2586 namen
241 2560 383 2597 oportet
403 2576 451 2582 —
476 2558 641 2591 deinde
667 2576 713 2583 —
736 2563 822 2590 tum
849 2575 896 2582 —
916 2564 1142 2602 postremo
1166 2580 1214 2586 —
1230 2562 1266 2603 3,
1278 2562 1357 2604 9,6;
1383 2561 1446 2594 Est
1465 2561 1572 2608 igitur

85 2602 194 2634 aute
220 2599 365 2639 omnia
391 2601 504 2637 oratio
532 2602 628 2637 adia
654 2602 776 2637 vincta
800 2609 905 2647 atque
931 2610 1123 2648 contexta,
1151 2607 1267 2639 soluta
1293 2607 1384 2640 alia
1404 2608 1441 2649 9,
1459 2606 1494 2649 4,
1514 2608 1568 2642 19.

10 2682 21 2695 Ι
86 2642 140 2684 Η)
161 2645 322 2685 ,Αάνενῖη
370 2648 412 2689 ιι)
441 2649 485 2681 de
507 2652 600 2682 loco.-
635 2649 805 2682 bacchius
832 2650 1001 2684 choreum
1027 2656 1062 2685 et
1085 2652 1283 2694 spondeum
1308 2658 1391 2686 ante
1417 2658 1509 2686 amat
1535 2654 1571 2693 9,

85 2685 123 2730 4,
143 2689 223 2736 102.
259 2690 403 2725 habebit
426 2692 599 2737 (choreus)
623 2700 704 2728 ante
731 2695 822 2728 bene
846 2695 1017 2730 creticum
1038 2702 1075 2730 et
1096 2696 1252 2730 iambum
1274 2700 1318 2731 ib.
1333 2696 1411 2732 104.
1460 2696 1504 2742 β)
1529 2699 1572 2730 ‹le

87 2739 257 2778 iempore:
306 2737 351 2772 de
380 2737 426 2772 iis
456 2745 539 2774 ante
569 2746 623 2774 est
656 2740 874 2784 loquenduin
902 2743 946 2785 9,
971 2744 1010 2786 1,
1033 2740 1091 2778 49.
1140 2748 1223 2776 ante
1255 2749 1354 2790 gesta
1377 2744 1424 2787 9,
1447 2747 1489 2787 1,
1515 2744 1569 2779 19.

1131 2807 1197 2844 ⁵*
