1728 3002
0 46 17 77 k,

0 81 22 110 95

554 115 779 162 Atellanus
805 139 864 149 —
888 114 1030 172 Atque
1503 120 1560 162 89

0 255 10 265 >·
37 244 41 248 ·
71 235 260 284 inu-m
282 233 326 278 5,
355 234 421 275 13.
446 234 505 271 10.
538 232 655 269 oratio
678 230 845 280 gaudebit
867 229 1044 276 quidem
1065 228 1259 284 occasione
1273 227 1407 283 ‘laetius
1428 231 1561 267 decur-

73 281 196 320 rendi:
229 286 271 316 at
297 281 337 316 si
362 279 450 326 juris
472 279 651 314 anfractus
670 279 767 313 adire
792 282 961 324 cogetur,
986 286 1063 311 non
1078 276 1299 322 obequitabit
1312 283 1374 312 ete.
1398 280 1456 322 12,
1471 279 1508 320 9,
1523 282 1574 317 2.,

75 327 163 365 Sine
186 327 295 362 dubio
312 344 358 352 -
380 326 431 361 At
453 325 484 361 si
506 327 591 367 8‚›3,
606 324 663 361 67.
693 322 872 370 Quodsi
896 322 981 358 satis
1004 324 1199 368 prudenter
1221 322 1372 358 dicenda
1388 324 1560 370 viderint,

31 409 36 415 ,
70 385 135 410 -2
165 379 206 408 at
227 374 321 418 (Sp.
344 373 433 416 om.)
467 371 507 406 si
535 371 621 417 quid
642 370 841 406 erraverint
863 369 979 403 adhuc
1005 376 1067 403 etc.
1096 372 1139 410 2,
1161 369 1203 412 6,
1226 369 1263 404 6.
1297 368 1342 412 ιζίζ
1365 372 1401 413 2,
1421 371 1492 412 1,8
1508 375 1560 408 Ζ.

72 421 109 464 5,
134 422 191 461 11,
217 420 275 455 29.
311 418 347 463 5,
373 420 429 460 13,
455 420 512 453 13.
554 418 590 462 5,
619 416 675 459 14,
698 416 754 455 34.
786 419 841 459 11,
866 417 903 460 3,
927 415 1007 451 149.
1040 418 1097 460 12,
1120 418 1157 460 7,
1181 416 1215 452 9.
1250 418 1307 459 12,
1330 418 1388 457 10,
1411 417 1470 453 75.

29 473 271 518 Atellanus·
316 489 341 524 ι’.
366 499 398 522 e.
422 494 516 521 actor
539 489 794 521 Atellanarum.-
819 485 880 518 ina
895 483 1077 528 bbscnra,
1115 495 1207 530 quae
1228 482 1388 520 Atellani
1415 496 1438 520 e
1462 497 1565 523 more

75 538 219 578 captant
242 532 314 579 (sic
335 537 404 577 Ζ.,
429 537 521 576 vulg.
542 532 731 567 Atellanae
756 541 858 566 more
884 529 1049 575 captant)
1071 531 1108 574 6,
1130 532 1166 574 3,
1185 529 1232 565 47
1256 531 1305 565 Ν.
1334 544 1382 566 cr.
1406 537 1444 567 et
1467 534 1505 568 S·

31 587 152 631 Atel·-
187 612 226 637 v.
253 600 370 636 Albu
380 612 411 636 s.

35 653 224 700 Athleta.
269 669 421 714 pulcher
449 672 594 713 aspectu
622 666 668 701 sit
701 667 806 710 athL,
845 665 942 701 idem
969 664 1158 701 certamini
1177 666 1335 711 paratior
1366 669 1410 712 8,
1436 670 1480 713 3,
1507 672 1565 706 10.

79 714 190 757 athl„
225 715 288 760 qui
320 725 445 749 omnes
470 715 540 758 jam
562 713 791 759 perdidicerit
818 725 839 747 a
860 718 1092 757 praeceptore
1115 723 1283 747 numeros
1297 716 1377 767 ,10,
1407 718 1439 752 1,
1467 714 1492 750 4
1516 717 1567 751 Ν.

78 759 251 804 athletae,
274 761 423 796 remissa
445 761 608 805 quibusd.
636 759 853 800 temporibus
872 758 1033 793 ciborum
1054 763 1160 802 atque
1185 761 1452 795 exercitanonis
1469 767 1568 797 certa

24 809 27 812 '
78 806 312 850 necessitate,
347 806 422 841 otio
449 814 486 843 et
517 806 785 850 jucundioribus
808 805 923 849 epulis
944 804 1153 838 reficiuntur
1177 806 1232 847 10,
1258 807 1292 849 5,
1322 808 1376 841 15.
1403 825 1448 832 -
1474 818 1569 852 pon-

79 849 224 886 deribus
239 853 415 897 plumbeis
437 852 676 887 assuefaciunt
690 862 814 886 manus
833 854 890 894 11,
907 853 942 894 2,
959 849 1018 884 42.
1041 850 1251 884 athletarum
1264 861 1419 904 corpora
1436 854 1570 889 decora

7 896 10 908 ¹
59 907 168 933 *vere
186 898 479 933 existimaverunt
503 900 607 941 5,12,
629 900 686 931 21.
708 915 754 922 —
781 907 932 941 corpora
955 906 1030 930 non
1054 907 1133 930 esse
1159 898 1332 931 naturaha
1360 901 1416 943 12,
1435 901 1493 944 10,
1508 899 1567 936 41.

81 951 159 976 non
185 945 475 978 athletarum
502 949 601 978 toros
628 945 691 977 sed
715 943 910 977 militum
931 943 1086 977 lacertos
1111 944 1167 985 10,
1194 945 1227 986 1,
1253 945 1298 978 33
1324 947 1369 980 Z.
1524 948 1541 958 χ

36 1035 45 1045 .
79 989 235 1029 ‘'⁰11²OE-
280 1011 327 1034 an
350 1005 549 1034 atomorum
573 1010 752 1034 concursu
772 1000 925 1034 mundus
943 990 996 1033 sit
1021 998 1169 1033 effectus
1191 1002 1228 1042 7,
1252 1002 1288 1043 2,
1313 1002 1350 1035 2.

38 1040 196 1098 Atque·
243 1056 274 1098 1)
308 1059 386 1090 bina
412 1058 579 1100 conjungit
604 1059 769 1091 vocabula
783 1072 795 1091 .·
831 1058 876 1099 a)
904 1059 1087 1100 praeprue
1113 1062 1191 1089 anie
1223 1061 1374 1100 vocales,
1411 1059 1572 1102 imprimis

85 1107 163 1134 anie
186 1104 315 1136 literam
337 1105 397 1137 A.-
436 1103 479 1136 ab
502 1103 580 1146 ipsa
602 1103 743 1136 actione
767 1108 873 1146 atque
899 1102 942 1135 ab
966 1101 1164 1136 imitatione
1190 1102 1227 1144 8,
1252 1101 1289 1145 4,
1309 1102 1364 1138 43.
1398 1105 1572 1141 orationis

84 1150 157 1198 atq.
182 1153 282 1181 actus
306 1149 350 1191 9,
376 1151 416 1191 2,
440 1147 476 1182 4.
513 1148 767 1182 Demosthenis
792 1155 863 1192 atq.
890 1147 1083 1182 Aeschinis
1115 1150 1182 1191 10,
1214 1151 1255 1191 1,
1286 1151 1344 1184 22.
1382 1151 1573 1193 adjecisset

83 1199 181 1225 emm
202 1199 292 1238 atq.
319 1194 507 1238 adjiciebat
529 1194 656 1233 ceteris
680 1194 871 1228 virtutibus
894 1193 968 1227 suis
996 1196 1040 1227 ib.
1067 1196 1145 1227 120.
1181 1205 1230 1228 ex
1252 1205 1348 1230 voce
1373 1196 1478 1231 etiam
1502 1204 1574 1243 atq.

72 1235 226 1272 auctione
253 1242 312 1282 11,
337 1242 374 1283 3,
400 1239 478 1275 154.
515 1240 747 1293 distringente
771 1246 842 1285 atq.
867 1240 938 1274 alio
962 1241 1115 1274 ducente
1140 1251 1248 1274 causa
1272 1243 1327 1284 12,
1354 1245 1387 1284 1,
1413 1243 1446 1278 5.
1481 1255 1574 1288 qnae

165 1294 212 1318 na
243 1291 327 1320 sunt
357 1290 428 1330 atq.
457 1286 674 1320 admirabilia
697 1289 760 1328 12,
786 1290 851 1329 11,
881 1287 941 1321 25.
974 1286 1103 1320 sedens
1129 1287 1244 1320 adhuc
1268 1293 1338 1332 atq.
1367 1287 1429 1331 (α.
1456 1293 1478 1323 1.
1505 1289 1576 1334 ac)

83 1338 131 1373 qu
156 1329 232 1364 'ens
253 1331 300 1374 6,
324 1334 366 1374 2,
388 1335 412 1367 7
435 1333 483 1366 Ν.
507 1345 553 1365 cr.
594 1343 765 1380 generare
793 1339 863 1377 atq.
888 1333 932 1365 ad
964 1333 1104 1378 frugem
1139 1332 1291 1377 aliquam
1315 1335 1514 1377 perducere
1537 1337 1575 1380 6,

85 1375 130 1417 2,
154 1377 191 1410 3·
228 1375 272 1418 eff·
296 1377 340 1419 6,
366 1380 409 1420 1,
432 1379 488 1412 20.
524 1379 589 1422 11,
617 1382 651 1421 1,
675 1377 742 1420 46,
784 1377 980 1423 frequenter
1004 1382 1103 1411 etiam
1128 1386 1204 1412 anie
1230 1387 1357 1412 ceteras
1385 1386 1519 1416 vocales
1543 1390 1576 1416 et

85 1420 134 1454 11.·
165 1414 248 1456 acre
271 1422 439 1467 quiddam
465 1430 571 1469 atque
603 1425 811 1468 expeditum
835 1427 899 1467 11,
923 1426 965 1466 3,
990 1423 1069 1458 146.
1102 1423 1142 1458 in
1174 1425 1368 1459 certamine
1396 1438 1576 1462 armorum

85 1469 192 1519 uque
215 1469 256 1502 in
277 1470 454 1513 palaestra
473 1471 508 1513 9,
527 1469 563 1512 4,
579 1471 613 1505 8.
647 1470 817 1514 simplicis
841 1475 911 1514 atq.
938 1469 1132 1504 inaffectati
1158 1471 1291 1504 coloris
1317 1474 1361 1505 ib.
1379 1475 1434 1507 17.
1465 1485 1577 1518 spon-

85 1511 164 1547 deis
185 1519 257 1558 atq.
282 1514 407 1549 iambis
439 1518 483 1551 ib.
512 1516 590 1550 140.
626 1527 647 1549 a
674 1516 825 1560 simplici
848 1522 953 1560 atque
986 1519 1043 1558 (a.
1067 1520 1089 1551 1.
1113 1518 1182 1558 ac)
1211 1516 1251 1550 in
1281 1524 1426 1561 promtu
1458 1520 1578 1564 posito

87 1556 231 1593 dicendi
260 1562 368 1595 modo
397 1562 433 1604 9,
467 1564 511 1602 1,
548 1564 604 1596 13.
638 1562 775 1596 acutior
799 1569 904 1606 atque
928 1561 1081 1596 habilior
1103 1563 1144 1605 6,
1169 1564 1214 1605 3,
1240 1565 1285 1596 12
1314 1571 1395 1607 etz—‚3
1444 1573 1579 1599 amatur

90 1610 169 1637 enne
196 1612 263 1639 ui.-
296 1606 450 1651 Atque
481 1613 526 1642 ut
561 1607 724 1642 ordinem
749 1620 879 1652 sequar
903 1609 948 1650 9,
968 1607 1014 1651 4,
1042 1610 1100 1642 33.
1132 1609 1234 1643 varie
1258 1614 1363 1653 atque
1384 1616 1424 1644 ut
1450 1623 1578 1646 sensus

90 1648 167 1692 ejus
196 1652 390 1695 postulabit
421 1656 465 1686 ib.
488 1656 569 1688 132.
610 1654 649 1687 in
675 1660 818 1698 promtu
848 1661 971 1698 atque,
1011 1660 1052 1688 ut
1076 1653 1126 1688 ita
1151 1654 1287 1697 dicam,
1319 1655 1357 1688 in
1381 1664 1578 1701 conspectu

90 1696 147 1736 10.
172 1698 206 1739 1,
232 1697 267 1732 6.
305 1697 349 1739 ej}
374 1701 417 1732 ib.
434 1701 490 1733 35.
525 1701 561 1742 9,
588 1698 623 1742 4,
652 1699 721 1734 134
746 1708 807 1733 etc.
843 1706 981 1744 atque
1004 1700 1183 1734 utinam
1208 1719 1253 1726 —-
1277 1701 1438 1736 dicerent
1461 1706 1516 1746 10,
1544 1707 1580 1746 2,

93 1741 150 1775 15.
183 1741 229 1783 cs.
253 1746 289 1786 2,
313 1743 348 1787 5,
375 1747 438 1787 173
486 1744 530 1789 β)
555 1753 631 1779 anie
655 1753 888 1779 consonantes.-
914 1746 952 1779 in
977 1746 1080 1780 brevi
1105 1752 1211 1790 atque
1238 1747 1383 1781 concisa
1407 1749 1580 1792 (actione)

90 1785 128 1828 6,
152 1785 189 1828 4,
212 1788 247 1821 2.
280 1788 326 1830 cf.
355 1792 410 1831 12,
434 1794 469 1832 2,
498 1795 556 1825 11.
590 1791 704 1826 oratio
727 1792 847 1825 vincta
871 1798 942 1836 atq.
972 1798 1140 1826 contexta
1161 1794 1196 1834 9,
1214 1791 1251 1835 4,
1272 1795 1326 1827 19.
1363 1802 1485 1837 aperta
1507 1802 1579 1840 atq.

93 1831 250 1867 dilucida
276 1835 432 1869 narratio
458 1834 494 1878 4,
520 1839 556 1879 2,
580 1838 637 1872 36.
675 1837 719 1878 011
750 1840 785 1880 3,
812 1842 847 1880 2,
870 1836 895 1871 4
920 1842 963 1871 Ζ.
996 1838 1134 1871 aridum
1159 1844 1230 1882 atq.
1256 1839 1415 1882 jejunum
1437 1844 1473 1884 2,
1488 1843 1524 1884 8,
1543 1844 1580 1877 9.

31 1893 33 1896 -
54 1902 57 1906 ,
94 1878 142 1919 2,
164 1875 209 1920 4,
233 1881 268 1912 3.
308 1890 437 1914 vocem
460 1887 531 1926 atq.
555 1889 689 1916 motum
714 1886 778 1926 11,
806 1886 848 1925 3,
878 1886 910 1917 1.
954 1884 1062 1917 rebus
1091 1890 1161 1928 atq.
1190 1885 1353 1928 personis
1387 1890 1453 1930 11,
1479 1891 1519 1929 1,
1543 1891 1581 1922 2.

97 1922 212 1956 solida
235 1929 304 1967 atq.
330 1925 388 1966 (a.
410 1930 433 1958 1.
450 1927 515 1970 ac)
541 1929 687 1961 robusta
711 1929 914 1972 eloquentia
935 1932 992 1972 10,
1013 1933 1047 1972 1,
1065 1933 1100 1963 2.
1138 1929 1182 1971 cs.
1207 1932 1243 1972 9,
1259 1933 1294 1972 3,
1311 1932 1369 1966 91.
1396 1943 1444 1966 ex
1457 1933 1581 1967 verbis

98 1972 170 2010 atq.
197 1970 380 2003 sententiis
404 1972 440 2012 9,
459 1971 496 2014 4,
515 1975 594 2007 137.
625 1974 834 2008 circumcise
864 1981 935 2018 atq.
958 1975 1135 2010 velociter
1161 1978 1195 2016 8,
1210 1978 1245 2018 3,
1265 1977 1306 2009 81
1339 1985 1420 2020 etc-,5
1460 1979 1583 2012 verbis

98 2017 241 2056 atque
276 2015 459 2048 sententiis
488 2017 541 2050 uti
570 2019 764 2064 magnificis
797 2026 845 2053 et
879 2020 981 2062 (Sp.
1020 2021 1121 2064 atq.)
1151 2021 1288 2055 ornatis
1324 2023 1368 2064 6,
1401 2027 1441 2065 1,
1467 2025 1511 2058 52
1538 2028 1582 2058 Ζ.

99 2067 182 2092 cum
201 2057 459 2100 validae,vt1un
481 2062 611 2096 breves
634 2064 913 2108 vibrantesque
942 2066 1160 2108 sententiae,
1191 2067 1382 2110 plurimum
1403 2069 1585 2115 sanguinis

100 2109 234 2147 atque
269 2114 462 2139 nervorum
491 2109 555 2149 10,
593 2110 635 2149 1,
667 2110 724 2142 60.
772 2110 873 2143 Haec
904 2116 944 2143 ut
973 2111 1146 2152 sciamus,
1190 2117 1329 2155 atque
1363 2124 1487 2147 eorum
1511 2126 1586 2150 non

91 2148 394 2195 'significationem
425 2153 552 2192 modo,
592 2153 655 2186 sed
692 2154 824 2187 formas
858 2155 963 2188 etiam
996 2167 1276 2200 mensurasque
1309 2159 1488 2203 norimus,
1524 2168 1586 2204 et,

99 2195 303 2239 ubicunque
336 2202 439 2229 erunt
473 2197 606 2241 posita,
649 2209 694 2231 an
733 2200 968 2243 conveniant,
1011 2201 1080 2234 nisi
1110 2203 1219 2235 multa
1253 2203 1409 2239 lectione
1441 2213 1586 2251 atque

100 2241 299 2284 auditione,
332 2242 594 2286 assequinullo
617 2245 723 2278 modo
746 2255 934 2288 possumus
967 2248 1023 2288 10,
1050 2250 1082 2288 1,
1109 2249 1162 2280 10.
1205 2260 1236 2281 v.
1264 2248 1328 2282 Et.
1420 2252 1468 2295 ΙΙ)
1492 2255 1587 2289 αιΙΙιί.

102 2289 167 2320 bito
206 2294 343 2330 atque
374 2290 535 2322 interdum
573 2294 716 2331 assurgit
749 2294 876 2324 oratio.-
920 2303 1044 2326 sensus
1079 2292 1172 2326 enim
1205 2300 1288 2327 sunt
1314 2294 1373 2328 alii
1399 2302 1503 2342 atque
1528 2299 1589 2333 alii

103 2334 161 2373 11,
185 2333 221 2374 3,
246 2334 291 2367 39
321 2345 354 2366 v.
381 2332 529 2368 Alius.
563 2337 687 2369 eadem
711 2336 780 2370 dici
806 2338 923 2370 solent
946 2337 1047 2371 aliter
1070 2344 1138 2382 atq.
1165 2339 1268 2373 aliter
1293 2341 1350 2380 (a.
1377 2346 1398 2375 l.
1425 2357 1487 2377 om.
1514 2351 1587 2389 atq.

103 2376 197 2417 alit.)
222 2377 257 2419 9,
288 2380 321 2420 1,
350 2379 416 2422 16.
440 2380 561 2414 verbis
589 2381 753 2415 omnibus
781 2382 883 2416 altius
911 2389 980 2427 atq.
1008 2383 1112 2417 altius
1138 2384 1398 2433 insurgentibus
1423 2391 1457 2432 8,
1472 2389 1508 2432 4,
1526 2394 1587 2426 27.

104 2421 196 2456 Mihi
218 2433 327 2456 unum
350 2430 489 2469 atque
517 2426 611 2460 idem
634 2427 777 2462 videtur
798 2429 891 2462 bene
918 2429 1038 2463 dicere
1062 2441 1111 2463 ac
1139 2431 1231 2465 bene
1256 2433 1412 2467 scribere
1448 2439 1503 2478 12,
1531 2439 1588 2480 10,

107 2468 165 2502 51.
198 2467 293 2501 idem
316 2475 386 2513 atq.
411 2471 451 2505 in
474 2473 601 2506 eodem
623 2474 706 2507 loco
734 2475 778 2516 8,
802 2474 848 2516 4,
880 2475 915 2509 9.
956 2487 988 2508 v.
1014 2476 1149 2509 Idem.
1244 2479 1313 2520 111)
1343 2482 1532 2514 Transitum
1557 2495 1589 2516 c.

107 2515 253 2557 quadam
277 2518 443 2556 gravitate
463 2517 573 2558 facit.-
606 2524 676 2563 atq.
702 2531 722 2553 e
747 2520 926 2553 contrario
943 2527 1124 2564 porrectas
1144 2525 1297 2566 syllabas
1313 2525 1460 2571 geminis
1476 2538 1590 2561 voca-

106 2558 198 2592 libus
224 2559 441 2604 scripserunt
465 2566 497 2606 1,
516 2567 551 2607 7,
570 2563 625 2598 14.
662 2570 733 2609 atq.
759 2565 844 2599 hinc
866 2565 1002 2600 initium
1026 2569 1102 2611 ejus
1127 2569 1209 2601 artis
1232 2569 1343 2604 fuisse
1363 2573 1590 2607 manifestum

108 2610 162 2638 est
186 2607 252 2648 10,
280 2609 321 2648 l,
347 2609 380 2641 3.
419 2608 464 2649 qs.
489 2610 546 2643 Pr.
569 2613 603 2644 7.
647 2610 731 2654 Atq.
770 2622 836 2658 ego
870 2613 932 2646 vel
967 2613 1097 2655 judicio
1132 2621 1294 2649 veterum
1321 2622 1483 2659 poteram
1511 2630 1590 2653 esse

108 2656 295 2685 contentus
324 2655 357 2694 1,
382 2656 435 2694 10,
452 2655 486 2690 9.
517 2655 560 2696 cf
589 2658 645 2698 10,
669 2659 703 2695 2,
727 2659 795 2698 2ος
847 2662 994 2700 congruit
1021 2662 1121 2701 igitur
1147 2663 1307 2693 interdum
1335 2675 1407 2695 cum
1442 2667 1588 2709 atqui.-

44 2718 48 2719 .
109 2695 228 2740 Atque
251 2699 429 2733 constabit
452 2699 470 2744 (
481 2702 508 2734 S
511 2714 546 2745 p.
563 2701 660 2745 atqui
679 2701 845 2746 constat)
868 2714 1041 2749 nusquam
1061 2716 1140 2740 esse
1159 2717 1284 2740 eormn
1299 2709 1472 2752 majorem
1487 2721 1591 2744 usum
