1728 3002
465 167 718 210 Petorritum
746 187 804 199 —
830 161 1108 219 Philosophia
1481 163 1562 202 657

16 310 24 326 ⁴
73 283 246 331 quibus
268 282 407 326 (libris)
430 286 491 315 aut
510 291 628 315 rerum
654 279 820 323 exempla
838 277 883 312 ab
908 276 1111 320 historicis,
1154 282 1215 311 aut
1240 275 1382 310 dicendi
1406 276 1450 309 ab
1477 285 1560 309 ora-

0 337 4 340 *
70 329 210 367 mribus
240 334 410 374 petuntur
445 330 508 370 12,
543 329 609 370 11,
641 328 698 361 17.
744 335 792 358 na
825 329 946 370 gestus
981 325 1124 369 quidem
1158 322 1275 356 omnis
1311 333 1352 356 ac
1383 327 1505 356 motus
1539 334 1559 355 a

0 385 3 388 '
35 412 38 420 Δ
71 375 257 416 comoedis
278 371 452 419 petendus
474 378 528 408 est
553 375 587 416 1,
612 374 673 415 11,
690 372 726 405 3.
769 371 826 414 ius
848 370 980 415 petitur
1003 382 1024 404 a
1055 369 1173 414 judice
1196 371 1232 411 9,
1259 372 1295 411 2,
1320 370 1384 404 90.-
1401 380 1434 402 υ.
1461 368 1482 400 J
1497 378 1559 401 us.

63 422 118 456 ab
141 433 185 456 aa
207 421 341 465 (matre)
363 430 499 465 poenas
516 424 640 463 petere
662 418 698 462 3,
723 419 781 460 11,
806 419 860 451 12.
886 426 1012 451 omnes
1033 415 1262 460 probationes
1281 420 1340 448 aut
1361 425 1382 447 a
1397 413 1562 458 personis

73 473 135 502 aut
157 479 179 502 a
201 468 308 501 rebus
334 465 407 512 peti
430 466 465 509 5,
491 468 552 508 10,
576 467 652 499 102.
698 468 869 507 petuntur
894 463 939 496 ab
967 468 1120 507 utroque
1150 462 1376 506 quadragena
1408 463 1442 502 7,
1467 461 1502 501 6,
1526 462 1562 494 2.

74 513 295 560 argentarius
319 513 363 547 ab
398 510 597 559 argentario
627 508 782 544 solidum
815 508 904 553 petit
937 509 980 552 5,
1013 511 1078 551 10,
1115 509 1195 542 105.
1242 518 1334 540 unus
1370 517 1392 539 a
1423 507 1562 540 duobus

75 561 179 594 eand.
202 570 280 595 rem
301 563 399 604 petet
422 560 459 602 3,
482 559 539 600 10,
562 559 598 592 2.
634 555 809 590 sanctitas
832 561 891 598 et,
925 560 974 589 ut*
996 554 1048 589 sic
1076 554 1214 596 dicam,
1247 553 1399 588 virilitas
1430 552 1475 585 ab
1508 552 1564 586 his

74 606 229 650 petenda
252 608 286 649 1,
313 606 349 647 8,
372 605 407 640 9.
455 602 648 637 similitudo
670 621 718 628 —
739 611 816 636 non
839 602 883 635 ab
908 600 1113 635 hominibus
1146 599 1253 633 modo
1281 599 1413 644 petitur
1427 609 1562 633 ¹ver-um

1 674 7 678 -
75 652 181 687 etiam
206 651 250 686 ab
275 650 484 684 animalibus
509 651 543 691 6,
574 650 609 692 3,
624 650 683 683 57.
706 659 788 682 cum
811 647 1020 682 candidatus
1042 645 1247 693 suffragium
1271 646 1315 680 ab
1339 644 1411 678 alio
1425 649 1564 689 peteret

74 699 119 731 ib.
147 697 205 732 47.
232 696 474 732 testimonium
504 695 548 728 ab
573 695 643 729 hoc
670 697 780 738 poeta
801 699 922 738 petant
954 695 1009 736 10,
1041 696 1075 735 1,
1097 692 1155 728 49.
1204 703 1225 726 a
1247 702 1287 726 se
1312 702 1386 725 non
1411 690 1564 731 virtutes

63 743 139 777 *sed
161 741 381 787 voluptatem
417 740 490 786 peti
523 743 579 783 12,
612 742 668 782 11,
700 741 758 776 29.
805 739 836 774 si
862 739 940 784 quis
964 737 1241 781 desideraverit,
1274 749 1294 771 a
1316 748 1390 782 quo
1414 742 1564 780 peteret,

74 789 215 828 ostendi
239 791 274 833 5,
302 791 359 829 10,
384 789 439 823 18.
477 787 518 827 b)
547 799 569 819 a
592 787 709 820 rebus.-
734 796 755 820 a
777 785 892 830 capite
915 791 1094 830 petere,
1120 790 1179 818 aut
1202 785 1245 818 ad
1268 783 1378 819 imum
1401 789 1564 818 ventrem

34 839 38 844 '
75 835 224 869 ded-uc
237 845 320 870 ere
344 831 507 876 (manum)
535 835 592 875 11,
616 833 651 875 3,
676 834 763 874 1123
791 832 878 877 quid
899 837 936 865 et
960 843 980 866 a
999 843 1067 876 qua
1090 830 1245 866 lectione
1268 835 1391 874 petere
1415 829 1564 874 possint.

76 880 141 926 qui
163 888 227 918 etc.
253 883 310 924 10,
329 883 362 923 1,
378 879 436 913 44.
461 878 509 921 cs.
538 879 593 913 35.
618 888 686 912 nec
709 888 926 923 magnopere
949 878 1242 921 captandum.
1265 877 1360 919 quod
1383 876 1566 919 petitur

15 967 20 969 ,
78 938 99 960 a
120 927 351 971 jurejurando
374 927 410 968 9,
434 928 469 968 2,
492 925 550 960 98.
581 934 654 957 non
675 934 695 956 a
724 925 1020 967 philosophorum
1052 922 1184 956 scholis
1208 921 1351 956 virtutis
1375 927 1566 966 praecepta

23 986 26 987 ⁷
75 973 412 1018 peterenturPr.17.
440 971 622 1015 profectus
639 979 712 1004 non
730 980 749 1003 a
772 979 911 1004 summo
936 969 1066 1012 petitus
1086 971 1143 1011 103
1154 970 1189 1010 3,
1199 971 1231 1001 2.
1256 968 1388 1011 optima
1407 979 1568 1012 quaeque

76 1018 253 1053 sententia
275 1030 297 1052 a
318 1017 479 1062 periculo
503 1015 635 1060 petitur
658 1019 693 1058 2,
731 1017 788 1059 11,
824 1018 859 1050 3.
904 1015 947 1048 ab
982 1014 1038 1048 his
1072 1014 1111 1048 in
1142 1014 1251 1048 rebus
1283 1013 1426 1057 spiritus
1461 1018 1496 1048 et
1529 1013 1569 1047 in

77 1064 201 1101 verbis
224 1063 418 1098 sublimitas
441 1062 572 1108 petitur
599 1065 656 1105 10,
685 1064 720 1104 1,
746 1064 804 1097 27.
850 1062 894 1107 β)
920 1064 1085 1104 praepos.
1108 1073 1181 1094 ex.-
1220 1070 1268 1094 ex
1300 1070 1339 1093 se
1362 1059 1440 1104 ipso
1465 1070 1569 1107 argu-

16 1121 35 1145 ι
78 1116 236 1145 mentum
259 1109 348 1154 petit
371 1111 429 1152 11,
457 1111 490 1151 1,
514 1109 560 1143 28
581 1120 616 1142 v.
640 1106 980 1154 Argumentum.
1007 1112 1067 1141 aut
1089 1117 1138 1140 ex
1163 1105 1241 1139 aliis
1267 1105 1377 1139 risum
1403 1105 1568 1149 petimus,

69 1162 140 1191 aut
163 1167 212 1191 ex
236 1155 361 1199 nobis,
398 1160 458 1189 aut
481 1166 531 1188 ex
554 1154 662 1188 rebus
687 1153 813 1187 mediis
837 1154 872 1195 6,
896 1155 931 1195 3,
962 1154 1018 1187 23.
1066 1163 1112 1185 ex
1148 1161 1302 1195 persona
1325 1151 1490 1195 probatio
1514 1152 1568 1186 rei

78 1202 212 1248 petitur
236 1204 272 1245 7,
295 1205 332 1245 2,
357 1202 424 1243 153
459 1199 543 1244 quid
569 1211 616 1234 ex
643 1210 687 1234 ea
711 1198 877 1243 (musice)
902 1198 1047 1243 proprie
1069 1202 1167 1242 petat
1200 1198 1342 1231 futurus
1378 1203 1500 1231 orator
1539 1203 1569 1239 1,

82 1251 139 1292 10,
161 1248 219 1283 22.
266 1247 298 1282 si
321 1246 399 1292 quis
422 1246 459 1280 id
483 1245 597 1290 ipsum
623 1251 753 1289 petat
776 1256 827 1279 ex
861 1244 939 1287 his,
982 1255 1074 1288 quae
1109 1243 1194 1277 inde
1235 1243 1570 1286 contraxerit,

79 1295 176 1340 quod
198 1303 274 1328 non
296 1292 543 1339 intelliguntur
559 1293 594 1334 8,
617 1294 653 1334 2,
673 1293 727 1325 12.
752 1302 800 1324 ex
823 1290 900 1325 aliis
926 1290 1015 1324 locis
1046 1290 1261 1334 petimus,
1285 1295 1321 1323 et
1348 1289 1570 1325 inventis

1 1363 8 1373 .
78 1340 154 1376 vim
181 1339 357 1374 afferimus
380 1340 416 1382 8,
442 1339 500 1372 Pr.
524 1341 582 1371 22.
627 1336 666 1371 in
691 1337 864 1382 quibusd.
881 1347 929 1372 ex
951 1336 1114 1381 periculo
1136 1335 1255 1380 petitis
1289 1337 1345 1377 10,
1381 1338 1414 1379 1,
1444 1338 1507 1370 121
1535 1348 1569 1369 υ.

76 1385 362 1426 Periculum.
410 1385 515 1418 sedes
558 1383 865 1430 argumentorum,
903 1393 951 1417 ex
987 1382 1115 1427 quibus
1147 1387 1230 1415 sunt
1258 1383 1412 1425 petenda
1446 1384 1481 1424 5,
1514 1384 1570 1424 10,

33 1456 39 1471 2
66 1434 137 1471 ’20-
158 1431 227 1466 sibi
250 1430 386 1466 auxilia
407 1441 455 1465 ex
477 1429 565 1474 ipsis
591 1429 786 1474 sapientiae
809 1428 1050 1473 penetralibus
1063 1427 1153 1473 petit
1180 1431 1238 1470 12,
1261 1428 1321 1463 Pr.
1349 1429 1382 1462 3.
1410 1429 1572 1463 benevo-

35 1477 38 1479 ’
76 1477 188 1514 tentia
212 1477 341 1522 judicis
371 1477 525 1521 petenda
550 1487 601 1510 ex
624 1475 702 1509 aliis
726 1475 884 1519 partibus
908 1474 975 1509 erit
997 1474 1034 1518 4,
1059 1478 1094 1518 1,
1112 1474 1171 1509 25.
1207 1484 1256 1508 ex
1277 1473 1405 1518 quibus
1430 1480 1573 1519 praeter

14 1528 29 1561 J
78 1524 275 1564 novitatem
302 1523 459 1558 brevitas
483 1522 589 1556 etiam
615 1522 691 1565 peti
713 1523 805 1555 solet
839 1522 875 1563 9,
900 1522 935 1564 3,
970 1523 1023 1554 12.
1054 1520 1084 1554 si
1114 1531 1188 1554 non
1217 1530 1265 1554 ex
1299 1520 1422 1555 verbis
1454 1520 1570 1555 dubiis

35 1608 38 1612 ,
79 1575 246 1616 petentur
274 1568 449 1612 (figurae)
477 1570 513 1610 9,
536 1571 573 1611 2,
596 1568 653 1602 69.
701 1568 859 1601 fructum
882 1577 955 1600 non
980 1578 1028 1600 ex
1065 1563 1158 1610 stipe
1196 1566 1473 1600 advocationum
1505 1574 1569 1600 etc.

36 1648 42 1653 ,
81 1621 178 1661 petet
202 1618 236 1658 1,
265 1618 321 1656 12,
346 1615 402 1649 18.
447 1624 523 1647 non
546 1624 597 1647 ex
619 1613 699 1647 iisd.
722 1613 880 1656 partibus
902 1613 991 1646 iram
1015 1618 1051 1647 et
1078 1611 1358 1646 misericordiam
1391 1617 1491 1655 petet
1515 1615 1571 1655 12,

80 1665 139 1704 10,
163 1663 221 1696 70.
247 1661 338 1694 haec
362 1658 587 1703 amplificatio
614 1675 662 1681 —
683 1658 942 1692 incrementum
966 1669 1014 1692 ex
1047 1658 1242 1692 minoribus
1267 1658 1355 1701 petit
1387 1659 1427 1700 S,
1462 1657 1503 1699 4,
1537 1659 1571 1693 9.

83 1708 160 1742 laus
183 1705 338 1740 hominis
361 1717 411 1739 ex
432 1705 551 1738 animo
577 1709 613 1737 et
636 1714 789 1747 corpore
818 1711 878 1737 etc.
903 1704 977 1747 peti
1005 1705 1111 1738 debet
1144 1705 1177 1746 3,
1202 1706 1237 1742 7.
1266 1706 1320 1736 12.
1367 1704 1458 1737 haec
1484 1705 1573 1746 (mi-

84 1754 232 1790 seratio)
256 1762 306 1785 ex
330 1750 392 1792 iis,
421 1761 513 1793 quae
535 1761 659 1794 passus
683 1755 736 1783 est
762 1760 866 1792 reus,
904 1755 1045 1792 petetur
1066 1750 1103 1792 6,
1130 1752 1164 1789 1,
1190 1750 1247 1782 23.
1271 1748 1461 1792 pecuniam
1483 1749 1573 1793 petit

20 1819 22 1822 ·
84 1798 304 1833 ex't‘oenere
330 1795 547 1829 hereditario
570 1798 606 1837 7,
635 1798 668 1838 1,
694 1796 751 1830 19.
797 1805 915 1839 neque
943 1806 993 1829 ex
1021 1795 1098 1828 aliis
1133 1794 1224 1828 locis
1252 1794 1344 1828 ratio
1383 1805 1573 1840 argumen-

82 1851 202 1879 torum
227 1841 264 1876 in
288 1842 355 1874 hac
380 1846 479 1884 parte
504 1839 576 1884 peti
599 1846 717 1884 potest
744 1840 779 1884 5,
804 1843 860 1883 13,
887 1843 917 1875 1.
962 1842 1058 1875 unde
1082 1839 1380 1874 concilietur
1403 1841 1510 1883 risus,
1538 1846 1575 1875 et

86 1889 214 1936 quibus
238 1898 287 1921 ex
311 1886 400 1920 locis
424 1885 523 1930 peti
551 1887 664 1920 soleat
691 1887 728 1929 6,
765 1889 801 1928 3,
831 1887 891 1923 35.
936 1898 1062 1922 veram
1092 1884 1234 1920 dicendi
1262 1885 1360 1920 viam
1390 1888 1493 1920 velut
1524 1898 1572 1921 ex

85 1936 234 1971 oraculo
258 1937 380 1977 petent
407 1934 464 1971 12,
499 1934 558 1974 11,
593 1931 635 1973 5,
675 1933 740 1964 huc
770 1934 933 1975 pertinet,
983 1935 1044 1966 etsi
1076 1936 1178 1975 paulo
1212 1933 1400 1967 diversum.-
1442 1938 1574 1966 certam

86 1981 262 2062 ἓτεάἳίίαιιὲ
286 1977 471 2023 pecuniam
495 1982 581 2021 peto
612 1987 661 2010 ex
691 1976 935 2021 stipulatione:
974 1979 1130 2025 legatum
1162 1982 1248 2021 peto
1280 1988 1328 2021 ex
1365 1982 1577 2013 testamento

119 2054 131 2071 r
196 2051 207 2068 ¹
264 2047 274 2059 ⁰

39 2082 312 2128 Petorl'itum.
358 2089 419 2134 (α.
448 2093 471 2125 1.
489 2088 717 2135 petoritum).
743 2091 908 2124 Gallicum
931 2093 1020 2124 verb.
1049 2092 1083 2133 1,
1108 2092 1142 2133 5,
1167 2090 1210 2125 57
1238 2091 1286 2125 Ν.
1309 2097 1341 2124 et
1364 2091 1401 2124 S.

41 2138 255 2185 Petulans.
300 2159 337 2192 p.
366 2158 482 2181 senex
504 2150 539 2190 2,
564 2147 600 2190 4,
625 2149 682 2182 22.
706 2157 876 2190 perorare
898 2145 936 2180 in
969 2147 1186 2190 petulantem
1211 2149 1250 2190 2,
1284 2146 1321 2190 4,
1350 2149 1409 2182 22.
1448 2146 1577 2182 milites

90 2198 188 2232 dicas
205 2211 248 2220 -—
267 2195 464 2237 petulantes
490 2195 544 2236 11,
571 2195 604 2234 1,
629 2193 685 2228 88.
713 2192 743 2225 si
766 2203 866 2226 reum
881 2192 1001 2226 caedis
1025 2193 1264 2233 audacem,
1289 2194 1578 2237 petulantem

89 2251 151 2278 etc.
180 2239 374 2275 ostenderit
398 2243 434 2282 7,
462 2241 496 2281 2,
527 2240 585 2273 28.
632 2249 678 2272 ne
711 2238 853 2271 fortiori
886 2238 1118 2285 subjungatur
1148 2238 1282 2282 aliquid
1315 2237 1508 2281 infirmius,
1538 2244 1576 2272 ut

88 2286 284 2328 latroni,
313 2286 535 2330 petulans
561 2286 596 2328 9,
621 2282 656 2327 4,
684 2285 741 2317 23.
789 2295 835 2318 ne
860 2284 937 2328 quis
966 2294 1033 2318 nos
1061 2290 1120 2318 aut
1142 2285 1417 2328 petulantes
1442 2285 1479 2318 in
1501 2285 1576 2318 lae-
1616 2308 1621 2309 ν

91 2333 216 2368 dendis
244 2331 295 2365 eis
325 2329 587 2374 (dignitatibus)
612 2335 671 2363 aut
692 2329 796 2363 etiam
820 2329 1096 2364 ambitiosos
1121 2335 1220 2374 putet
1245 2333 1301 2371 11,
1338 2333 1371 2372 1,
1404 2331 1463 2365 67.
1499 2330 1579 2375 quis

90 2378 274 2413 hominum
308 2377 412 2410 liberi
445 2377 553 2410 modo
595 2375 777 2422 sanguinis
809 2375 999 2418 sustineat,
1042 2377 1203 2419 petulans
1238 2386 1318 2410 esse
1350 2376 1394 2409 ad
1434 2373 1579 2410 alterius

93 2424 274 2459 arbitrium
299 2425 355 2465 12,
378 2423 415 2468 9,
441 2424 505 2464 103
535 2432 583 2456 ne
613 2423 860 2466 petulans,
902 2432 949 2456 ne
970 2423 1223 2466 superbum
1255 2421 1447 2466 videatur,
1482 2423 1578 2467 quod

92 2471 240 2504 dicimus
263 2469 298 2512 6,
326 2470 362 2511 3,
388 2470 445 2502 33.

0 2525 19 2567 .'
46 2524 301 2569 Petulantia.
346 2534 384 2568 in
412 2545 474 2568 eos
499 2533 640 2568 dicendi
663 2539 735 2578 pet.
774 2533 809 2574 6,
834 2535 869 2575 3,
903 2535 948 2568 33
980 2534 1028 2568 Ν.
1074 2545 1120 2569 ne
1146 2534 1182 2568 in
1213 2540 1308 2569 totos
1339 2520 1484 2570 ordines
1517 2544 1579 2570 etc.

92 2590 166 2629 pet.
188 2583 385 2616 incurreret
410 2584 464 2622 11,
491 2575 524 2622 s,
549 2581 606 2615 86.
651 2580 762 2614 robur
794 2579 1067 2623 (argumentum)
1098 2581 1313 2624 petulantiae
1344 2583 1383 2626 5,
1421 2585 1482 2620 10,
1523 2583 1579 2617 26.

78 2628 324 2675 *petulantiam
347 2626 488 2671 patroni
511 2625 668 2673 litigator
689 2626 755 2659 luit
780 2628 836 2667 12,
864 2626 899 2668 9,
923 2627 958 2660 9.

47 2685 210 2727 ‘Pexus-
247 2709 319 2729 cum
335 2697 486 2728 irrisione
503 2695 649 2728 dictum:
674 2693 735 2727 ille
759 2704 907 2736 pexus
931 2692 1204 2740 pinguisque
1225 2695 1352 2729 doctor
1370 2698 1402 2738 1,
1426 2695 1462 2739 5,
1487 2693 1533 2728 14
1549 2697 1583 2729 S-

40 2739 345 2796 Philosophia.
383 2755 417 2795 2,
446 2750 502 2793 14,
526 2753 562 2786 3.
608 2761 689 2785 cum
712 2750 758 2784 sit
780 2749 820 2784 in
841 2752 915 2784 tres
942 2749 1057 2786 divisa
1081 2757 1222 2800 partes,
1264 2753 1474 2795 naturalem,
1507 2762 1586 2785 mo-

146 2821 229 2853 ια.
258 2822 371 2863 Quint.
1220 2820 1266 2853 42
1479 2809 1486 2816 ‘
