1728 3002
152 162 237 203 360
712 162 826 205 Fuso
855 186 910 195 -
942 161 1141 207 Gemitus

156 273 280 316 Fuso·
322 283 438 320 fusius
464 286 572 330 paulo
597 285 635 320 in
659 285 842 322 diversum
864 288 1060 325 resolvitur
1083 284 1253 335 (manus)
1295 293 1352 335 11,
1373 293 1411 336 3,
1443 292 1503 330 97.
1533 297 1586 335 ut,
1614 291 1699 338 quia

198 330 546 421 {ffrgjfissgrevu
571 344 652 368 esse
679 334 806 378 debet,
833 334 995 371 fusius
1019 343 1056 372 et
1087 336 1306 372 ornatius
1331 348 1391 373 res
1412 338 1526 384 possit
1561 339 1697 384 exponi

159 422 190 464 F
194 423 314 466 ustis.
361 446 407 470 an
430 435 474 470 ab
498 446 564 471 reo
587 435 742 471 fustibus
768 438 974 484 vapulasset
1004 439 1051 483 9,
1086 442 1130 483 2,
1166 441 1223 474 12.

900 598 959 646 G.

159 705 212 748 G·
237 734 284 744 -·
305 717 442 754 Latinis
465 718 650 756 veteribus
676 719 843 766 plurimis
864 720 904 757 ln
925 721 1050 759 verbis
1071 723 1234 760 ultimam
1251 724 1424 770 adjectam
1442 727 1476 770 1,
1496 727 1534 771 7,
1551 728 1608 761 12.
1617 737 1700 761 cum

203 763 233 800 C
256 776 301 799 ac
324 764 488 801 similiter
512 767 543 800 G
569 777 644 801 non
675 769 892 813 valuerunt,
925 768 964 803 in
999 771 1034 804 Τ
1069 781 1113 806 ac
1135 771 1171 806 D
1198 771 1408 807 molliuntur
1443 775 1486 815 1,
1520 775 1578 817 11,
1605 774 1628 809 5
1649 774 1699 810 Ν.

201 821 281 858 gre
304 812 427 847 brevis
453 811 505 857 (in
531 824 615 847 voce
638 813 814 857 agrestem)
840 814 950 850 faciet
971 817 1117 864 longam
1139 814 1297 863 priorem
1318 819 1362 862 9,
1398 817 1445 862 4,
1475 818 1535 854 86.

158 855 406 899 Galliambi.
460 869 565 915 parvi
583 871 695 916 pedes
719 889 766 896 ·-
786 877 828 907 ut
852 872 1131 908 Galliamborum
1156 879 1193 909 et
1215 873 1454 911 Sotadeorum
1473 876 1510 920 9,
1533 875 1570 920 4,
1593 876 1630 912 6.

158 912 323 956 Gallus.
348 943 395 950 —-
417 939 540 972 avem,
575 939 622 962 an
644 933 809 973 gentem,
840 941 886 964 an
918 941 1075 975 nomen,
1113 943 1159 966 an
1190 931 1372 967 fortunam
1396 932 1560 978 corporis
1588 933 1703 980 signi-

200 970 304 1015 ficet,
340 972 519 1008 incertum
549 979 603 1009 est
637 978 674 1018 7,
700 976 735 1015 9,
770 979 807 1013 2.
843 977 1018 1024 gallorum
1049 977 1240 1013 immaturo
1274 984 1384 1014 cantu
1416 978 1475 1024 (a.
1516 983 1540 1015 1.
1574 980 1701 1024 ‹zaja-1.

203 1015 397 1063 κλωσμόν)
425 1023 488 1065 11,
525 1022 571 1064 3,
607 1021 650 1055 51
675 1022 723 1055 Ν.
749 1035 798 1059 cr.

159 1059 412 1107 Garrulitas.
444 1095 491 1102 —
515 1077 773 1122 extemporalis
795 1082 843 1123 2,
879 1078 922 1122 4,
956 1079 1014 1116 15.

159 1117 353 1161 Gandeo·
402 1132 448 1177 α)
482 1139 520 1169 et
541 1134 695 1170 irasci
717 1146 786 1170 nos
814 1142 850 1171 et
872 1139 1083 1182 gaudere
1106 1136 1272 1184 fingimus
1293 1137 1338 1181 9,
1359 1139 1408 1181 2,
1431 1137 1501 1181 263
1539 1137 1705 1174 acumine

203 1186 272 1210 suo
297 1179 607 1214 delectantur
630 1186 666 1215 et
687 1182 897 1228 gaudent
919 1184 965 1227 8,
1005 1187 1047 1228 2,
1080 1187 1138 1219 21.
1163 1183 1285 1231 figuris
1315 1185 1448 1230 gaudet
1471 1187 1533 1227 12,
1558 1187 1614 1228 10,
1642 1187 1704 1229 23,

203 1220 362 1258 inventis
387 1226 540 1272 gaudeat
563 1229 610 1269 2,
637 1225 682 1269 4,
707 1229 729 1262 6
754 1227 799 1269 cs.
825 1229 868 1271 8,
902 1229 936 1272 5,
960 1233 1019 1264 22.
1044 1236 1085 1264 ut
1109 1229 1439 1274 expatientur,
1477 1236 1514 1264 et
1531 1232 1704 1276 gaude-

202 1274 283 1302 ant
305 1271 455 1305 materia
478 1274 513 1314 2,
543 1274 600 1314 10,
628 1273 661 1306 5.
691 1273 811 1307 studio
838 1275 938 1307 nullo
959 1276 1073 1321 magis
1097 1287 1204 1319 quam
1226 1287 1291 1320 spe
1312 1276 1470 1322 gaudent
1497 1278 1559 1318 2,-
1578 1275 1622 1318 4,
1646 1279 1703 1311 13.

204 1324 274 1348 nec
297 1316 461 1359 protinus
489 1316 719 1351 efferentibus
756 1329 796 1352 se
834 1320 1051 1365 gaudeamus
1083 1323 1149 1362 10,
1191 1319 1235 1363 4,
1275 1323 1316 1364 53
1356 1321 1474 1354 minus
1509 1320 1605 1355 enim
1636 1328 1704 1366 est,

204 1361 302 1403 quod
325 1362 542 1397 flendum
563 1373 647 1397 meo
671 1363 840 1408 nomine,
881 1376 986 1409 quam
1010 1367 1107 1410 quod
1129 1365 1225 1399 illius
1259 1367 1555 1412 gaudendum
1589 1373 1644 1401 est
1666 1369 1704 1414 6,

203 1406 262 1440 Pr.
287 1408 321 1442 8.
370 1407 416 1454 β)
439 1410 482 1443 de
508 1411 683 1443 inanimis.-
727 1408 807 1454 [his
841 1411 1020 1445 contraria
1044 1411 1157 1458 magis
1194 1413 1350 1458 gaudere
1387 1411 1558 1448 brevibus
1592 1415 1637 1457 9,
1665 1413 1703 1458 4,

206 1453 272 1486 131
300 1454 348 1487 Ν.
378 1467 425 1488 cr.
451 1467 485 1488 v.
513 1455 543 1488 L
557 1453 712 1499 audo-J
737 1456 838 1500 cujus
861 1456 1044 1502 ingenium
1057 1467 1184 1502 presso
1204 1457 1400 1502 limatoque
1414 1468 1546 1504 genere
1562 1459 1704 1495 dicendi

205 1504 267 1531 etc.
290 1500 404 1547 magis
430 1501 582 1547 gaudeat
606 1504 647 1544 2,
677 1502 724 1545 8,
753 1501 789 1536 4.
836 1504 952 1538 oratio
986 1503 1153 1551 gaudebit
1189 1503 1379 1538 occasione
1408 1503 1537 1538 laetius
1573 1506 1704 1540 decur-

203 1545 309 1579 rendi
334 1549 396 1590 12,
430 1549 475 1591 9,
504 1549 539 1581 2.
587 1547 772 1582 celeritate
800 1550 930 1594 gaudet
954 1547 1142 1593 (partitio)
1176 1550 1222 1591 9,
1256 1549 1298 1592 4,
1333 1551 1392 1586 92.
1425 1548 1582 1594 (paeon)
1620 1558 1704 1587 ante

204 1601 245 1624 se
271 1591 443 1627 brevibus
470 1593 601 1640 gaudet
622 1594 832 1638 pyrrhichio
853 1596 916 1630 vel
939 1597 1075 1629 choreo
1099 1597 1142 1629 ib.
1175 1597 1256 1629 111.
1289 1596 1419 1642 gaudet
1443 1607 1503 1630 res
1529 1597 1704 1633 varietate

205 1636 242 1678 9,
263 1639 298 1681 2,
311 1639 410 1673 63N.
444 1638 633 1673 cumstilus
649 1646 790 1674 secreto
802 1642 953 1686 gandeat
971 1644 1028 1684 10,
1045 1645 1081 1684 7,
1101 1641 1157 1676 16.
1172 1639 1212 1686 y)
1229 1653 1258 1675 c.
1281 1641 1371 1682 Ins..-
1395 1641 1527 1686 aliquid
1536 1653 1705 1690 magnum

206 1693 313 1729 agere
329 1686 462 1732 gaudet
477 1688 557 1729 1,2,
570 1687 629 1723 30.
652 1686 790 1720 laudari
799 1687 838 1720 in
850 1686 955 1721 bonis
967 1688 1126 1734 gaudent
1144 1687 1179 1730 5,
1195 1689 1251 1729 12,
1263 1690 1322 1721 22.
1347 1687 1489 1722 auditor
1506 1690 1639 1735 gaudet
1648 1689 1707 1723 in-

208 1729 370 1777 telligere
388 1732 424 1775 9,
436 1734 471 1774 2,
481 1733 543 1773 783
568 1744 636 1776 seq.
659 1735 786 1766 Acme.
799 1732 868 1774 Inf.
880 1747 891 1767 .·
915 1744 984 1768 nec
993 1732 1162 1778 occupari
1177 1733 1329 1780 gaudeat
1343 1733 1583 1777 pertinentem
1601 1735 1645 1769 ad
1665 1747 1706 1770 se

207 1774 394 1812 laborem2
403 1803 414 1821 ,
424 1780 458 1821 1,
469 1778 504 1813 5.
512 1778 654 1812 salvum
664 1789 722 1813 me
730 1790 809 1814 esse
820 1780 936 1813 adhuc
946 1790 1013 1814 nec
1030 1780 1154 1822 credo,
1164 1790 1233 1814 nec
1241 1780 1382 1827 gaudeo
1393 1781 1444 1814 Se
1457 1793 1500 1814 ne
1507 1793 1536 1815 c.
1551 1781 1587 1824 8,
1600 1783 1634 1825 5,
1646 1783 1704 1817 18.

162 1817 394 1865 Gaudium.
429 1835 610 1871 —inane
634 1838 680 1880 2,
713 1834 762 1880 4,
802 1837 860 1872 16.
890 1842 1035 1881 stupere
1067 1836 1198 1883 gaudio
1235 1840 1291 1871 Co
1305 1839 1356 1871 el.
1387 1837 1432 1880 9,
1480 1839 1523 1880 3,
1565 1838 1623 1873 58.
1656 1849 1707 1873 ex

206 1889 277 1922 qua
302 1880 466 1926 (poena)
489 1882 608 1917 minus
631 1882 924 1917 incommodi
949 1888 1225 1925 consecuturus,
1257 1893 1365 1927 quam
1391 1893 1456 1934 ex.
1478 1882 1576 1918 facto
1600 1895 1707 1930 gau-

206 1925 547 2010 32})v;‘t11eregur876
586 1931 631 1973 2,
665 1928 726 1964 42.
750 1929 990 1976 gaudium,
1024 1927 1284 1964 tristitiam
1317 1928 1539 1964 ostendimus
1563 1929 1708 1975 ,(mam'—

371 2000 382 2017 9
450 2000 462 2019 D
547 1998 558 2009 ⁸

162 2012 422 2061 Geminatio·
469 2032 515 2075 9,
541 2030 587 2076 4,
622 2031 703 2068 119.
728 2030 817 2065 facit
840 2031 1012 2076 quasdam
1035 2030 1230 2067 sententias
1263 2031 1341 2066 sola
1369 2029 1560 2078 geminatio
1594 2032 1637 2075 8,
1669 2032 1706 2077 5,

208 2076 263 2110 18.
293 2075 332 2110 in
355 2088 431 2112 uno
455 2077 604 2123 (verbo)
632 2077 752 2112 facilis
784 2083 838 2111 est
875 2088 969 2125 gem.
1005 2077 1050 2120 9,
1089 2079 1125 2119 3,
1163 2078 1209 2112 67
1239 2070 1287 2111 N.
1348 2090 1395 2111 cr.
1432 2075 1555 2110 similis
1577 2078 1707 2131 .g.e¹¹¹i‘

206 2121 363 2157 nationis
388 2129 472 2168 post
496 2123 651 2169 aliquam
675 2123 965 2167 interjectionem
990 2123 1158 2167 repetitio
1183 2128 1238 2157 est
1260 2125 1305 2157 ib.
1330 2124 1394 2165 293
1433 2129 1625 2158 accusativi
1641 2135 1707 2171 ge-

206 2167 402 2203 minatione
425 2169 524 2204 facta
548 2174 590 2213 7,
623 2171 669 2214 9,
704 2172 760 2204 10.
786 2180 878 2223 gem.
908 2169 1106 2204 verborum
1135 2167 1223 2213 (fig.
1257 2181 1313 2212 ap.
1350 2167 1466 2220 Cic.)
1497 2169 1617 2222 9,·‚t‚
1660 2173 1709 2205 33

207 2212 254 2255 cf·
277 2215 321 2258 9,
348 2217 391 2258 3,
418 2214 478 2251 45.
502 2215 542 2250 in
568 2217 696 2250 eadem
718 2215 800 2251 viti1
824 2215 1066 2263 geminatione
1093 2217 1134 2258 1,
1178 2215 1220 2258 5,
1266 2217 1322 2248 12.
1355 2220 1499 2250 veteres
1535 2227 1598 2259 qui
1632 2227 1707 2264 ge-

205 2259 469 2296 minatione
492 2273 615 2297 earum
642 2260 870 2306 (vocalium)
893 2260 997 2297 velut
1020 2260 1155 2306 apice
1181 2260 1373 2294 utebantur
1395 2263 1437 2304 1,
1459 2258 1501 2304 4,
1530 2263 1588 2295 10.

164 2302 363 2347 Gfflssillo·
411 2318 650 2354 semivocales
675 2318 858 2366 geminare
882 2321 917 2362 1,
940 2321 977 2360 7,
999 2316 1057 2353 14.
1097 2317 1122 2351 S
1155 2316 1400 2364 geminabatur
1430 2318 1473 2351 ib.
1505 2316 1563 2352 2'0.
1593 2317 1709 2354 v'erba

205 2362 431 2406 geminantur
453 2365 499 2407 9,
523 2366 569 2408 3,
592 2366 649 2400 28.
680 2370 870 2400 ructuosos
894 2364 1039 2409 spiritus
1062 2362 1243 2410 geminare
1270 2366 1383 2398 Coel.
1411 2361 1446 2407 4,
1471 2366 1507 2406 2,
1535 2364 1707 2408 123.ζῖΔ]ι

204 2407 242 2440 in
266 2410 456 2451 tyrannide
496 2409 775 2445 administranda
808 2409 972 2455 (resp.)'2
998 2410 1070 2444 Sed
1092 2409 1152 2442 hic
1177 2419 1321 2453 quoque
1340 2409 1707 2464 subestlvelutssntens

206 2463 380 2496 persona;
425 2462 601 2500 tyrannus
635 2456 731 2490 enim
756 2456 914 2503 geminat
941 2454 1189 2500 quaestionem
1199 2458 1218 2498 ,¹
1246 2455 1439 2499 subestque
1470 2461 1508 2490 et
1533 2462 1707 2502 temporis

206 2503 243 2531 et
267 2500 445 2543 qualitatis
468 2502 577 2536 tacita
598 2502 657 2537 vis
689 2505 732 2546 3,
757 2506 801 2547 5,
841 2503 888 2546 93
927 2503 1052 2535 Par-tic.
1090 2500 1270 2546 geminata
1302 2502 1428 2536 eadem
1450 2500 1541 2546 (Sp.
1565 2507 1708 2537 exemta

207 2543 264 2586 N)
289 2544 393 2579 litera
419 2549 462 2590 1,
494 2551 531 2590 7,
558 2549 604 2583 29
628 2550 655 2582 S
682 2547 730 2590 cs.
762 2552 804 2593 1,
838 2547 881 2591 4,
917 2550 974 2581 11.
997 2546 1215 2594 geminatum
1240 2557 1332 2582 onus
1357 2550 1402 2589 2,
1426 2549 1470 2590 3,
1498 2549 1531 2581 2.

162 2587 385 2631 Geminus.
432 2614 467 2636 m
500 2604 642 2649 gemina
667 2607 709 2648 1,
742 2608 788 2648 7,
823 2605 857 2640 8.
882 2603 1032 2651 geminis
1054 2602 1243 2637 vocalibus
1266 2605 1310 2637 ib.
1347 2601 1404 2655 14.
1427 2602 1601 2655 ξηαπ
1634 2613 1708 2650 ge-

206 2645 341 2689 mini,
376 2659 459 2681 nam
485 2651 516 2682 si
537 2650 799 2693 praecesserint
827 2652 888 2693 (a.
922 2653 947 2683 t.
979 2649 1239 2693 praecesserit)
1277 2658 1469 2696 gem1n13
1514 2649 1706 2685 fratres

209 2692 341 2726 addere
367 2703 443 2728 non
470 2700 524 2728 est
543 2705 692 2729 necesse
716 2699 751 2739 9,
775 2696 812 2739 4,
839 2698 895 2730 23.
923 2695 959 2738 9,
983 2694 1020 2738 4,
1047 2694 1104 2728 24.

166 2737 374 2780 Gemitus.
400 2767 445 2777 --
469 2761 512 2786 ac
539 2750 640 2786 fletus
671 2755 735 2796 11,
769 2756 809 2796 1,
842 2750 899 2789 34.
924 2771 969 2780 --
993 2749 1193 2797 expirantis
1220 2750 1264 2794 6,
1301 2752 1345 2794 2,
1385 2751 1441 2784 31.
1468 2751 1613 2796 clamor,
1642 2761 1705 2787 so·
