1728 3002
0 124 27 171 κ
67 84 69 88 .

149 136 231 175 326
579 149 583 151 ·
852 134 981 179 Facio

286 250 326 294 β)
366 249 452 295 conj.
481 262 511 283 c.
535 262 651 294 posse.-
686 254 726 284 ut
748 249 804 293 id,
837 250 933 296 quod
958 251 1145 298 fingemus,
1170 251 1247 288 fieri
1270 253 1383 298 possit
1409 255 1445 300 4,
1464 257 1501 299 2,
1517 256 1578 293 89.
1604 268 1685 292 cum

195 295 450 340 quid-omnino
473 306 548 330 non
573 298 693 340 potest
715 295 845 339 fieri,
878 297 940 331 vel
969 298 1144 332 factum‘
1172 310 1274 334 esse
1306 300 1349 345 5,
1371 301 1406 343 9,
1429 300 1465 336 4.
1491 301 1607 347 essm,
1626 307 1683 348 11,

196 343 254 384 25.
282 344 455 386 quaedam
478 348 514 377 et
538 341 653 377 fieri
678 352 807 386 posse,
841 347 877 376 et
906 343 1066 379 futura
1099 355 1200 380 esse
1229 347 1263 389 3,
1279 345 1391 390 8,»17.
1414 347 1444 382 si
1466 348 1543 382 fieri
1566 355 1686 394 potest

196 390 232 431 2,
248 391 291 431 ,2‚
320 390 374 423 13.
397 387 432 432 4,
458 391 492 432 1,
519 391 575 427 17.
609 389 646 430 6,
672 391 705 431 1,
731 390 787 423 15.
812 390 868 432 11,
884 391 919 432 2,
941 388 997 426 40.
1025 390 1055 424 si
1076 390 1155 426 fieri
1180 392 1312 436 poterit
1338 392 1422 438 (Sp.
1444 394 1619 440 potuerit)
1647 399 1683 439 7,

199 436 232 478 1,
255 432 312 467 44.
358 438 397 474 7,
421 438 463 477 2,
487 435 532 469 29
556 438 599 471 Ζ.
626 434 703 469 fieri
730 445 802 469 non
825 440 944 478 potest
966 437 1011 479 6,
1035 439 1078 481 2,
1102 440 1161 473 27.
1183 438 1219 482 6,
1238 439 1274 481 8,
1290 439 1350 474 89.
1381 440 1438 482 10,
1460 441 1494 483 1,
1517 440 1576 476 50.
1605 442 1685 479 fieri

196 480 342 514 omnino
369 491 442 514 non
468 491 575 524 posse
601 482 636 523 3,
664 482 698 524 8,
717 482 773 515 25.
809 483 905 525 quod
927 487 1046 517 tamen
1069 483 1184 527 ipsum
1206 494 1282 518 non
1305 495 1446 529 semper
1466 485 1545 520 fieri
1565 493 1685 532 potest

197 528 230 569 1,
256 527 289 569 5,
313 528 369 561 63.
396 538 460 570 per
480 528 578 573 leges
602 526 638 560 id
661 527 686 561 f.
712 537 787 561 non
813 526 972 571 potuisse
995 532 1032 571 7,
1049 528 1084 573 4,
1105 528 1160 563 14.
1185 536 1355 574 quantum
1381 530 1459 565 fieri
1483 525 1601 576 poteet'
1624 536 1683 580 10,

196 575 228 615 2,
244 575 310 615 203
347 575 444 616 quod
466 573 543 608 fieri
571 573 731 617 plurimis
755 573 876 619 figuris
900 573 985 608 lieet
1008 573 1042 617 4,
1070 577 1105 618 2,
1130 577 1176 610 83
1199 578 1248 610 N.
1278 576 1324 618 cs.
1349 578 1384 620 9,
1407 575 1443 620 4,
1466 575 1501 612 4.
1638 599 1655 607 ⁴

288 618 326 662 γ)
353 619 421 661 adj.
435 622 520 653 Dat.
547 626 606 652 aut
630 622 642 652 i
649 634 694 653 n.-
721 620 806 664 quid
830 620 908 654 fieri
929 621 1091 655 adultero
1115 633 1180 665 par
1203 623 1282 663 est?
1307 623 1342 667 5,
1358 626 1411 666 11,
1428 624 1474 666 9;
1499 625 1595 668 quod
1608 625 1688 660 fieri

196 663 245 698 in
272 665 433 708 plurimis
456 665 566 701 video
592 668 625 706 1,
645 669 677 710 1,
701 666 758 700 24.
795 665 879 710 quid
904 666 965 700 fiet
989 667 1035 701 in
1060 666 1315 705 altercatione?
1354 671 1416 712 12,
1441 671 1477 711 3,
1493 672 1527 704 3.
1550 669 1624 705 >hoc
1647 671 1689 705 fit

196 711 242 743 in
266 710 414 758 singulis
439 711 654 758 argumentis
685 713 718 755 5,
738 711 792 755 14,
811 715 868 750 10.
894 714 990 757 quod
1011 713 1050 747 in
1074 713 1267 750 certamine
1291 714 1441 750 saliendi
1465 715 1544 750 fieri
1571 719 1627 759 10,
1652 719 1687 761 3,

195 757 228 791 6.
258 756 302 798 cf.
331 760 386 801 10,
413 758 446 800 5,
472 761 528 792 20.
553 758 630 792 fieri
654 757 692 791 id
715 759 758 792 in
782 760 866 794 soro
889 770 962 793 non
985 771 1091 804 posse
1108 763 1142 804 7,
1155 764 1188 804 2,
1204 763 1258 797 19.
1283 762 1378 806 quod
1403 762 1447 795 de
1463 762 1572 797 domo
1597 763 1686 807 dixi,

196 808 232 836 et
259 802 306 836 in
330 804 498 847 operibus
521 804 672 848 publicis
698 805 776 850 fieri
799 810 918 849 potest
942 808 1005 848 11,
1021 809 1056 847 2,
1073 809 1130 840 21.
1158 807 1229 841 hoc
1251 807 1296 841 in
1320 806 1483 842 oratione
1510 808 1589 843 fieri
1611 820 1688 854 non

195 855 314 892 potest
337 851 371 892 5,
390 853 445 893 11,
462 853 495 884 3.
531 851 616 894 quid
641 851 702 885 fiet
724 851 770 885 in
798 851 842 885 iis
867 851 1132 896 quaestionibus
1160 855 1218 896 12,
1243 855 1279 897 3,
1301 856 1335 887 2.
1358 854 1455 898 quod
1477 853 1529 888 in
1552 854 1620 889 alia
1644 866 1686 889 re

194 895 271 928 fieri
287 897 390 938 solet,
405 896 444 929 in
457 895 561 930 aliam
573 902 773 931 mutuamur
786 897 821 939 6,
834 899 935 940 3,61.
957 899 1035 933 fere
1049 899 1088 932 fit
1110 900 1182 933 hoc
1205 899 1249 934 in
1272 900 1380 934 rebus
1402 899 1603 934 minoribns
1628 903 1686 941 11,

193 943 229 982 3,
247 940 323 977 134.
349 942 386 975 id
404 954 483 977 cum
499 943 537 976 in
562 943 607 987 (S
616 957 649 987 p.
678 943 758 986 om.)
783 945 921 978 duobus
939 944 1061 980 verbis
1083 944 1135 989 fit,
1158 941 1373 990 α’ναστροφῆ
1399 946 1528 980 dicitur
1549 948 1583 990 8,
1596 947 1687 989 (³365

194 991 230 1020 Z
237 1003 250 1030 ;
274 994 314 1022 ut
337 989 376 1022 fit
399 990 493 1033 apud
515 990 707 1034 plerosque
731 993 764 1034 2,
780 993 815 1033 2,
829 991 866 1025 9.
894 989 937 1031 cf.
955 992 990 1034 9,
1010 990 1046 1034 4,
1070 992 1128 1026 26.
1153 994 1211 1035 10,
1230 991 1266 1036 5,
1284 992 1348 1035 193
1373 1002 1428 1037 ea,
1459 1004 1551 1038 quae
1573 994 1685 1041 vulgo

194 1040 338 1078 recepta
361 1041 455 1078 sunt,
478 1037 579 1070 velut
603 1037 803 1070 omnium
826 1036 953 1070 fiunt
976 1038 1018 1080 5,
1043 1040 1098 1080 11,
1122 1035 1181 1071 41.
1212 1045 1220 1049 ·
1666 1061 1674 1064 -

285 1076 329 1122 ὃ)
357 1094 384 1114 c.
411 1083 543 1116 sulm..-
585 1082 720 1118 factum
745 1082 914 1116 ambitum
952 1086 1076 1118 Cazv.
1104 1083 1144 1127 6,
1171 1085 1214 1127 1,
1241 1083 1294 1116 13.
1321 1082 1550 1118 detractionis
1575 1084 1692 1130 gratia

191 1126 636 1171 factam‘conjunctionem
658 1130 691 1165 9.
708 1131 742 1171 3,
763 1127 821 1163 64.
847 1128 1026 1167 divisione
1051 1129 1090 1163 in
1113 1135 1187 1163 tres
1213 1129 1369 1173 syllabas
1395 1130 1491 1163 facta
1513 1133 1547 1174 1,
1570 1134 1605 1173 7,
1632 1133 1689 1165 17.

192 1173 387 1207 accusativi
415 1174 654 1220 geminatione
681 1175 776 1208 facta
800 1179 840 1218 7,
867 1177 914 1218 9,
943 1178 997 1210 10.
1032 1176 1071 1209 fit
1102 1182 1139 1210 et
1160 1175 1221 1209 ille
1245 1174 1386 1209 habitus
1411 1178 1469 1219 11,
1486 1177 1522 1218 3,
1541 1177 1619 1212 119.
1650 1176 1689 1210 ’m

191 1217 290 1261 ipsos
313 1219 352 1252 fit
374 1219 526 1264 impetus
553 1223 618 1262 12,
635 1222 669 1263 9,
690 1222 725 1256 9.
748 1221 948 1254 incursioni
972 1232 1019 1255 ex
1043 1221 1180 1255 insidiis
1205 1222 1320 1256 factae
1343 1222 1386 1263 6,
1413 1220 1457 1264 4,
1483 1220 1529 1255 14
1550 1234 1583 1256 v.
1606 1223 1688 1256 In·-

193 1265 369 1299 cursio.
405 1267 580 1300 factarum
603 1266 732 1300 Clodio
758 1266 966 1300 insidiarum
988 1267 1023 1310 6,
1042 1269 1077 1310 3,
1088 1266 1145 1302 49.
1173 1278 1219 1300 an
1247 1266 1399 1301 Athenis
1424 1266 1518 1300 muri
1541 1268 1628 1301 fiant
1650 1271 1685 1311 7,

191 1313 227 1352 2,
242 1309 276 1345 4.
301 1311 378 1346 sine
402 1323 474 1356 quo
498 1312 576 1347 fieri
601 1319 780 1347 oratorem
802 1324 875 1347 non
891 1324 998 1357 posse
1021 1313 1080 1347 Pr.
1099 1314 1132 1348 5.
1157 1316 1282 1357 portus
1305 1312 1383 1347 fieri
1395 1312 1517 1347 Ostiae
1534 1314 1685 1356 3,8,'16.

190 1358 407 1400 praejudicia
432 1361 476 1393 de
494 1359 660 1393 Cluentio
683 1360 778 1392 facta
802 1359 904 1402 5,11,
923 1361 977 1393 13.
1003 1359 1167 1405 prodigio
1194 1357 1365 1394 divinitus
1389 1359 1487 1393 facto
1512 1357 1698 1403 1,10,47.›

188 1402 288 1436 facto
314 1404 457 1439 silentio
479 1408 513 1448 2,
531 1405 564 1448 5,
582 1406 615 1440 6.
643 1405 683 1438 11ῑ
706 1416 787 1449 spes
815 1405 933 1450 aliqua
961 1405 1171 1440 clementiae
1194 1406 1229 1448 9,
1241 1407 1276 1447 2,
1285 1405 1344 1440 90.
1367 1404 1407 1438 fit
1430 1409 1540 1439 status
1563 1403 1687 1450 scripti

191 1453 227 1481 et
250 1450 443 1484 voluntatis
472 1453 506 1493 3,
530 1453 565 1491 6,
579 1453 636 1486 98.
660 1451 733 1494 ille,
763 1451 862 1495 quia
882 1451 1094 1495 quibusdam
1119 1450 1198 1485 fieri
1221 1452 1314 1485 solet
1337 1449 1423 1495 (Sp.
1440 1448 1600 1494 dicitur),
1614 1456 1687 1486 sta-

155 1514 157 1517 .
189 1499 246 1527 tus
271 1496 474 1539 quantitatis
496 1500 531 1538 7,
555 1495 590 1539 4,
616 1498 659 1530 15
684 1502 726 1535 Ζ.
751 1498 813 1530 fiet
836 1498 1067 1543 syllogismus
1088 1501 1124 1540 7,
1140 1499 1176 1542 8,
1193 1500 1228 1531 2.
1252 1502 1293 1530 ut
1315 1496 1496 1531 scribendi
1517 1497 1578 1531 fiat
1592 1506 1687 1531 unus

191 1541 248 1583 10,
259 1543 293 1582 2,
311 1544 345 1578 2,
371 1542 512 1575 testimo
540 1542 574 1574 ia
601 1542 726 1575 dicta
754 1543 950 1587 factaque
975 1543 1010 1586 5,
1033 1546 1088 1586 11,
1105 1546 1170 1585 37;
1196 1554 1342 1578 versum
1360 1542 1409 1576 in
1428 1543 1591 1582 oratione
1606 1543 1687 1581 fieri

188 1590 304 1620 totum
324 1589 358 1629 9,
368 1586 402 1628 4,
412 1591 469 1622 72.
492 1587 632 1630 vitium,
658 1589 754 1631 quod
777 1588 816 1620 fit
838 1588 885 1622 in
911 1588 1058 1633 singulis
1082 1588 1206 1623 verbis
1229 1590 1263 1627 9,
1277 1591 1311 1631 3,
1326 1589 1360 1622 6.
1387 1588 1477 1621 fiunt
1503 1595 1539 1622 et
1565 1589 1687 1622 circa

190 1641 302 1678 genus
326 1634 460 1680 figurae
485 1633 529 1666 in
551 1632 754 1667 nominibus
779 1639 815 1667 et
837 1633 884 1666 in
905 1632 1027 1669 verbis
1041 1634 1079 1676 9,·
1089 1634 1178 1677 3,6;
1206 1634 1312 1668 debet
1327 1633 1406 1667 fieri
1423 1633 1573 1668 testibus
1594 1634 1684 1668 fides

189 1679 224 1722 5,
248 1682 284 1722 7,
310 1682 344 1714 8.
380 1677 492 1730 now
517 1680 650 1724 duplex
677 1679 716 1712 fit
740 1679 901 1723 quaestio
922 1682 956 1720 3,
981 1681 1017 1723 6,
1044 1681 1102 1714 98.

282 1724 318 1761 ε)
351 1726 421 1769 adj,
445 1728 564 1767 Ἀιῖυ.;
599 1725 635 1759 id
661 1725 777 1759 acrius
804 1725 864 1768 fit,
900 1737 981 1759 cum
1013 1731 1080 1760 etc.
1109 1726 1146 1767 9,
1161 1727 1197 1768 2,
1216 1722 1273 1759 49.
1298 1725 1409 1758 multa
1431 1723 1520 1758 fiunt
1545 1725 1682 1768 eadem,

189 1771 252 1804 sed
277 1771 380 1805 aliter
403 1775 438 1812 2,
456 1775 513 1813 20,
535 1774 588 1805 10.
615 1771 660 1812 cs.
685 1773 721 1814 9,
745 1773 779 1815 3,
798 1771 855 1806 25.
881 1783 973 1815 quae
998 1770 1163 1815 (figura),
1188 1770 1218 1804 si
1242 1770 1424 1817 angustius
1447 1771 1510 1804 fiat
1530 1783 1609 1814 opp.
1627 1772 1684 1804 la-

188 1817 259 1851 tius
275 1819 309 1860 9,
321 1820 355 1861 3,
370 1819 426 1852 92.
448 1829 522 1851 non
538 1819 638 1860 haec,
664 1817 745 1862 quia
762 1823 912 1861 possunt
936 1819 1028 1852 bene
1052 1817 1242 1861 aliquando
1266 1816 1355 1858 fieri,
1371 1816 1502 1861 passim
1518 1816 1684 1851 facienda

189 1869 272 1896 sunt
297 1863 332 1906 4,
354 1867 386 1905 1,
407 1866 466 1898 70.
494 1875 645 1908 quorum
668 1863 698 1897 si
722 1864 800 1897 fieri
823 1863 913 1897 nihil
944 1863 1071 1898 melius
1096 1863 1227 1896 licebat
1249 1863 1293 1905 9,
1318 1861 1363 1906 4,
1387 1861 1422 1896 4.
1457 1874 1544 1906 011111
1561 1862 1684 1897 mollia
1718 1895 1722 1898 Δ

187 1910 275 1943 dure
301 1910 389 1943 fiunt
414 1911 495 1954 ((1.1,
511 1909 720 1952 durescunt)
749 1910 910 1954 10,2,19
934 1911 979 1944 Ν.
1007 1910 1103 1954 quod
1127 1908 1204 1943 fieri
1222 1908 1374 1943 videtur.
1391 1914 1561 1943 excusate
1587 1912 1622 1951 2,
1649 1911 1683 1951 1,

190 1957 233 1989 13
263 1957 307 1990 N.
329 1963 359 1989 e?
380 1958 414 1990 S.
442 1968 486 1989 an
510 1956 618 1989 facile
650 1956 764 1990 fieri
797 1961 837 1989 tu
861 1955 1045 2000 potueris,
1080 1955 1213 1990 cumis
1240 1956 1393 1989 factus
1431 1965 1506 2006 nqn
1530 1953 1591 1988 sit
1613 1954 1684 1999 (de

187 2004 402 2044 magistram)
430 2005 471 2043 5,
499 2005 564 2045 10,
591 2003 633 2037 91
661 2003 708 2036 Ν.
747 2003 920 2046 quaedam
947 2009 1019 2036 tam
1035 2001 1180 2036 fortiter
1202 2001 1398 2042 tuenda,
1431 2012 1536 2046 quam
1558 2001 1684 2034 facta

187 2054 270 2082 sunt
292 2048 334 2090 6,
363 2051 378 2081 1
393 2073 403 2090 ,
431 2047 488 2081 34.
521 2047 561 2081 fit
585 2054 709 2082 contra
738 2049 947 2092 frequenter
977 2059 1051 2083 non
1077 2048 1248 2081 indecore
1272 2048 1307 2088 9,
1323 2045 1359 2089 4,
1377 2044 1435 2080 24.
1463 2045 1683 2090 ineptissime

186 2094 278 2137 fieri,
305 2106 386 2128 cum
413 2102 474 2127 etc.
503 2097 556 2135 11,
580 2097 615 2137 3,
643 2096 719 2128 131.
748 2096 865 2128 scelus
887 2096 1006 2138 palam
1028 2095 1162 2127 factum
1188 2094 1361 2135 5,10,19.
1387 2097 1426 2126 ut
1439 2091 1607 2136 paulatim
1622 2092 1685 2126 fiat

185 2152 272 2174 usus
302 2142 335 2183 5,
354 2143 409 2184 10,
423 2142 479 2175 19.
504 2140 593 2174 fiunt
613 2141 728 2173 adhuc
751 2143 854 2184 pejus
878 2140 995 2185 aliqua
1019 2143 1074 2179 11,
1097 2142 1132 2183 3,
1158 2137 1234 2173 146,
1260 2139 1356 2182 quod
1379 2138 1429 2172 in
1451 2137 1683 2179 altercatione

186 2186 226 2219 fit
249 2187 449 2231 potentius,
475 2198 580 2231 quam
603 2186 640 2219 in
664 2185 806 2220 actione
834 2187 868 2228 6,
888 2185 922 2230 4,
947 2188 1000 2220 18.
1031 2185 1076 2227 cs.
1100 2189 1136 2228 7,
1166 2187 1197 2225 1,
1223 2187 1280 2218 31.
1309 2195 1399 2228 quae
1422 2189 1504 2217 sunt
1528 2182 1684 2227 antiqui-

186 2237 243 2266 tus
269 2233 388 2267 dicta
417 2244 459 2266 ac
486 2234 617 2266 sacta
641 2233 825 2276 praeclare
851 2235 906 2274 12,
925 2235 959 2275 2,
977 2233 1033 2267 29.
1057 2242 1147 2275 quae
1165 2236 1263 2265 recte
1285 2230 1373 2263 fiunt
1400 2227 1579 2273 (figurae)
1599 2230 1634 2270 9,
1646 2231 1683 2272 3,

189 2280 266 2312 101.
296 2280 392 2323 quod
418 2278 456 2311 fit
480 2284 676 2312 retrorsum
700 2277 821 2312 durius
849 2279 884 2320 8,
897 2279 931 2320 6,
949 2277 1008 2311 24.
1033 2282 1077 2312 Ζ.
1103 2277 1221 2321 aliqua
1244 2277 1345 2310 velut
1369 2275 1511 2309 scenice
1535 2275 1624 2308 fiunt
1646 2275 1681 2318 6,

189 2325 221 2364 1,
245 2326 301 2361 38.
328 2325 422 2358 serio
447 2324 477 2358 si
500 2325 562 2358 fiat
587 2323 836 2368 (dissimulatio)
860 2325 895 2365 9,
914 2327 949 2366 2,
966 2323 1020 2359 14.
1039 2323 1128 2357 fiunt
1152 2328 1188 2356 et
1210 2321 1372 2356 similiter
1391 2321 1530 2366 saepius
1552 2321 1684 2367 frigida

186 2368 221 2408 6,
247 2372 280 2412 3,
306 2372 361 2404 55.
385 2372 455 2405 hoc
481 2372 570 2404 adeo
599 2370 843 2413 superstitiose
867 2369 944 2402 fieri
969 2372 1003 2413 1,
1028 2372 1061 2412 1,
1079 2371 1137 2403 13.
1162 2373 1202 2402 ut
1224 2367 1285 2401 fiat
1306 2367 1446 2412 utique,
1472 2367 1569 2412 quod
1592 2366 1684 2401 scri-

186 2419 285 2457 ptum
312 2422 365 2449 est
388 2420 424 2459 7,
448 2417 482 2458 8,
508 2419 541 2451 1.
569 2415 704 2450 utiliter
727 2411 1047 2459 οἷνακεφαλαίωσιν
1069 2413 1148 2448 fieri
1169 2414 1213 2457 6,
1239 2416 1272 2455 1,
1297 2414 1330 2447 8.

279 2458 321 2502 ζ)
357 2463 426 2505 adj.
446 2465 588 2496 Alam..-
615 2472 685 2506 quo
710 2461 777 2495 sibi
802 2472 876 2494 non
898 2471 1067 2504 praesens
1092 2464 1229 2493 tantum
1253 2461 1377 2500 dolor,
1405 2459 1468 2492 sed
1495 2458 1601 2493 etiam
1617 2459 1681 2492 de-

187 2506 341 2550 speratio
366 2507 403 2540 in
426 2513 609 2550 posterum
632 2508 733 2541 fieret
757 2509 812 2547 10,
834 2509 868 2551 3,
888 2506 943 2541 14.
968 2505 1166 2550 adjectione
1190 2507 1284 2539 facta
1300 2504 1514 2548 amphibolia
1529 2508 1566 2547 7,
1577 2506 1612 2545 9,
1626 2506 1680 2536 11.

185 2558 366 2586 oratorem
388 2554 522 2586 factum
549 2559 622 2588 arte
646 2557 680 2595 2,
701 2556 758 2596 17,
774 2555 829 2586 11.
858 2553 955 2596 quod
979 2563 1063 2586 casu
1086 2551 1164 2585 fieri
1189 2553 1280 2586 solet
1305 2551 1337 2593 5,
1349 2554 1384 2592 7,
1395 2552 1453 2585 29.
1477 2550 1515 2583 fit
1537 2549 1679 2593 casibus

186 2598 296 2632 modo
320 2598 391 2630 hoc
415 2608 526 2643 genus
554 2601 596 2641 9,
622 2602 663 2642 3,
690 2601 748 2633 37.
785 2598 899 2632 utrius
927 2600 1031 2642 culpa
1055 2596 1249 2632 divortium
1272 2598 1405 2630 factum
1430 2594 1478 2629 sit
1498 2598 1532 2636 7,
1553 2593 1598 2636 4,
1621 2598 1678 2630 11.

191 2644 287 2688 quod
313 2643 353 2675 fit
381 2649 416 2676 et
436 2643 555 2676 multis
582 2650 617 2677 et
640 2644 751 2679 variis
774 2644 896 2691 figuris
918 2647 954 2688 9,
964 2648 997 2686 2,
1014 2645 1071 2679 39.
1096 2649 1223 2678 testem
1246 2642 1369 2690 gratia,
1393 2646 1492 2674 metu
1515 2647 1576 2674 etc.
1601 2640 1680 2674 fieri

188 2689 240 2733 (α.
265 2693 288 2722 l.
311 2687 417 2731 ferri)
443 2690 475 2727 5,
493 2691 527 2730 7,
540 2691 594 2722 33.
625 2689 796 2723 dissimile
819 2690 860 2723 fit
884 2701 1029 2735 genere,
1055 2691 1162 2724 modo
1189 2696 1251 2723 etc.
1275 2689 1316 2729 5,
1343 2689 1407 2728 11,
1436 2688 1492 2720 13.
1519 2686 1618 2730 prius
1641 2687 1681 2721 fit

187 2736 313 2770 iisdem
340 2733 543 2782 generibus,
569 2734 696 2777 quibus
721 2735 810 2771 vitia
833 2737 869 2780 9,
884 2738 918 2780 3,
933 2741 967 2771 2.
994 2747 1084 2780 quae
1108 2745 1217 2769 manu
1237 2733 1320 2768 fiant
1340 2734 1481 2776 12,2,2.
1499 2733 1679 2776 quomodo
