1728 3002
0 2323 14 2348 h

11 2787 15 2803 .-
48 2767 82 2793 ει,

640 198 799 266 Partim
843 223 899 230 —
939 198 1098 241 Parum
1558 176 1650 240 629*

150 319 257 363 getur
280 314 316 358 8,
345 315 380 357 3,
403 315 461 348 63.
499 313 604 359 Quid
627 313 759 358 alioqui
784 313 863 357 fiet,
900 324 981 348 cum
1004 312 1042 347 in
1075 311 1194 346 medio
1221 310 1306 346 foro
1328 318 1390 346 eie.
1423 309 1491 345 erit
1521 310 1640 345 subito

153 365 375 395 continua
398 360 622 394 oratione
645 360 855 402 dicendum,
891 359 925 394 si
956 358 1246 404 particulas,
1289 369 1376 402 «pias
1408 357 1501 391 ceris
1537 368 1638 391 man-

151 409 295 450 damus,
323 405 391 440 nisi
414 406 451 440 in
476 405 668 441 solitudine
688 405 848 450 reperire
870 416 944 440 non
967 416 1152 449 possumus
1179 407 1234 445 10,
1255 406 1291 447 3,
1316 402 1362 438 30
1386 405 1433 438 Ν.

105 451 277 492 parlim·
325 465 418 508 quod
445 462 613 507 partim
636 462 856 508 praeceptis,
891 461 1060 507 partim
1094 467 1302 505 usurpatum
1334 460 1476 494 ratione
1500 469 1636 505 cogno-

149 521 272 543 veram
295 513 330 552 7,
358 513 388 552 1,
412 512 446 543 3.
494 521 527 553 p.
553 508 743 553 cupiditate
775 525 820 533 —
846 519 880 552 p.
915 508 1107 542 ambitione
1135 527 1180 533 —
1206 519 1237 550 p<
1277 506 1419 540 etiam
1449 505 1634 539 inscientia

153 557 208 596 12,
238 558 292 597 11,
318 554 371 589 14.
420 567 453 599 p.
476 555 688 589 condicione
711 555 792 589 vel
816 560 1012 598 temporum
1034 554 1112 588 vel
1136 554 1318 594 locorum,
1350 563 1386 595 p.
1414 551 1548 595 judicio
1571 562 1634 584 cu-

149 601 275 646 jusque
299 606 431 645 atque
456 601 639 645 proposito
666 604 720 645 12,
747 603 803 643 10,
826 603 860 634 2.
885 611 942 634 ex
967 600 1082 634 dubiis
1107 611 1142 644 p.
1174 599 1279 633 nobis
1302 597 1388 641 ipsis
1415 598 1460 632 ad
1486 597 1635 632 electio-

148 657 231 680 nem
253 652 335 682 sunt
356 647 489 689 libe-ra,
523 659 559 691 p.
583 647 732 682 aliorum
765 646 962 681 sententiae
985 645 1172 680 commissa
1195 647 1231 689 3,
1253 644 1288 688 4,
1311 646 1335 679 8
1358 644 1409 679 Ν.

101 699 280 743 partior·
304 714 463 759 1‚a)1'.q.
478 715 522 748 ιΙὶ
531 717 607 748 vid
613 728 645 753 ο.
675 714 762 757 a)ita
773 725 917 749 causam
928 713 1099 759 partimur
1106 716 1141 757 7,
1149 712 1185 755 4,
1198 715 1253 747 20.
1269 723 1420 757 quorum
1429 710 1634 755 priusquam

145 758 335 803 partiamur
358 760 497 804 species
520 761 555 803 5,
578 762 613 804 8,
637 760 672 795 4.
705 760 746 804 h)
770 773 838 806 seq.
863 763 924 794 in.-
953 766 991 794 ut
1016 759 1135 794 omnia
1162 759 1210 793 in
1233 760 1325 792 haec
1348 759 1420 792 duo
1442 756 1634 800 partiamur

145 807 180 846 5,
206 807 262 848 10,
285 807 344 840 23.
391 806 603 850 qualitatem.
621 806 668 840 in
693 809 794 851 plura
821 807 971 851 partitus
999 811 1053 841 est
1078 808 1113 847 3,
1149 806 1186 847 6,
1209 803 1266 839 34.
1313 815 1393 838 cum
1418 802 1462 836 iu
1493 801 1632 847 species

142 851 331 894 partimur,
364 853 459 895 quod
485 852 529 886 in
553 863 686 899 genera
713 853 838 896 partiri
862 853 908 888 sit
932 852 1016 886 satis
1039 851 1076 896 4,
1106 852 1140 895 5,
1164 854 1222 886 27.
1252 849 1299 890 cs.
1334 851 1368 891 3,
1396 850 1431 891 6,
1454 849 1510 883 66.
1537 849 1573 900 fi,
1597 850 1630 889 3.

145 897 222 931 108.
247 902 484 932 consonantes
509 909 530 931 a
555 898 740 932 vocalibus
772 898 1076 937 discernere.
1108 897 1274 942 ipsasque
1313 907 1373 929 eas
1398 895 1444 928 in
1472 904 1632 928 semivo-

142 940 271 975 catium
294 953 477 976 numerum
499 948 744 987 mutarumque
770 943 944 987 partiri
978 947 1013 986 1,
1035 942 1071 986 4,
1092 943 1127 977 6.
1171 943 1214 987 β)
1249 945 1273 976 i.
1306 955 1338 986 q.
1373 941 1629 974 distribuo:

143 987 234 1020 haec
257 990 311 1021 est
332 988 433 1021 velut
465 987 691 1032 imperatoria
721 989 835 1023 virtus
869 988 991 1033 cupias
1026 1000 1108 1022 snas
1140 986 1401 1032 partientis
1435 986 1488 1020 ad
1528 996 1630 1019 casus

142 1029 362 1076 proeliorum
384 1049 429 1055 --
450 1034 539 1067 mari
568 1033 722 1078 denique
745 1045 788 1068 ac
810 1040 904 1069 terra
933 1033 1210 1068 dividentis
1234 1036 1271 1076 7,
1291 1034 1347 1075 10,
1370 1034 1425 1067 13.
1449 1031 1631 1065 liberalius

143 1085 302 1120 tempora
325 1089 390 1112 sua
413 1078 710 1123 impensurus
742 1080 819 1123 uni,
843 1091 949 1125 quam
976 1079 1008 1113 ai
1034 1081 1158 1114 eadem
1182 1079 1227 1113 in
1253 1079 1373 1123 plures
1398 1076 1631 1123 partiatur

145 1126 181 1166 1,
216 1125 250 1162 1.
287 1125 332 1166 23
373 1134 482 1168 aves,
519 1136 610 1169 quae
634 1125 790 1159 foetibus
824 1126 924 1160 cibos
958 1127 1159 1170 partiuntur
1195 1128 1230 1167 2,
1270 1125 1314 1166 fi,
1346 1128 1383 1159 7.
1459 1134 1526 1157 cur
1556 1133 1628 1156 non

142 1168 303 1213 pluribus
340 1169 435 1203 curis
480 1166 590 1204 horas
622 1172 817 1214 partiamur
852 1174 888 1214 1',
906 1175 948 1214 2,
996 1172 1031 1206 4.
1077 1171 1118 1216 y)
1152 1173 1185 1204 ἰιι
1215 1172 1378 1204 dicendo.-
1412 1179 1628 1214 proponere,

141 1214 286 1259 partiri,
315 1214 550 1262 interrogare⁴
567 1217 722 1251 sermoni
754 1218 921 1262 proxima
951 1220 1008 1258 11.
1038 1219 1073 1260 3,
1110 1218 1175 1251 163
1200 1218 1246 1250 N.
1294 1216 1535 1260 eum-optime
1562 1225 1628 1258 pro

131 1261 294 1294 -Murena
316 1271 395 1294 esse
408 1263 572 1303 partitum
595 1262 631 1305 4,
657 1265 691 1305 5,
705 1267 759 1296 12.
786 1263 824 1297 in
848 1263 1040 1307 partiendo
1057 1268 1092 1305 4,
1102 1264 1135 1305 5,
1149 1265 1183 1296 2.
1210 1262 1261 1304 tl)
1282 1265 1426 1295 Partic..·
1453 1261 1628 1304 potentis-

139 1306 228 1341 sima
253 1313 459 1353 argumenta
482 1307 644 1350 primone
668 1310 833 1352 ponenda
861 1310 931 1342 sint
955 1310 1036 1344 loco
1060 1325 1106 1331 --
1130 1320 1174 1342 au
1204 1319 1343 1342 summo
1361 1325 1407 1331 —-
1431 1320 1475 1340 an
1499 1307 1627 1352 partita

137 1352 254 1396 primo
276 1363 486 1397 summoque
513 1356 546 1396 5,
585 1357 641 1396 12,
670 1354 727 1392 14.
774 1355 1000 1400 expositione
1034 1354 1162 1400 partita
1186 1367 1265 1399 opp.
1305 1354 1474 1388 continua
1509 1355 1546 1397 7,
1571 1356 1627 1395 10,

139 1401 196 1433 11.
222 1403 311 1442 part.
333 1399 513 1442 peroratio
548 1401 584 1443 6,
611 1404 644 1443 1,
666 1401 724 1436 55.

96 1454 285 1496 Partllto.
342 1465 384 1509 a)
410 1465 471 1500 illa
494 1478 528 1510 p.
557 1467 601 1499 ab
627 1462 824 1502 Aristotele
860 1468 987 1503 tradita
1021 1471 1065 1512 5,
1090 1471 1133 1511 1,
1167 1470 1200 1502 1.
1254 1468 1320 1501 tria
1351 1479 1395 1501 an
1425 1467 1527 1511 plura
1556 1466 1627 1500 sint

146 1510 343 1558 ambigitur.
392 1512 468 1546 Nec
492 1513 599 1546 dubie
624 1525 738 1558 prope
762 1525 886 1548 omnes
909 1516 977 1549 hac
1000 1527 1034 1559 p.
1064 1513 1224 1549 contenti
1250 1515 1393 1548 suerunt
1412 1517 1453 1549 3.
1473 1512 1508 1556 4,
1527 1515 1558 1546 1.
1582 1512 1627 1556 β)

139 1558 173 1590 in
196 1558 356 1591 «licendo.-
385 1558 584 1600 partitio
613 1559 971 1603 dispositionis
996 1567 1049 1596 est
1073 1560 1214 1604 species
1246 1563 1281 1602 3,
1305 1563 1340 1602 9,
1364 1563 1400 1593 2·
1447 1558 1503 1592 his
1527 1561 1625 1601 (par-

141 1605 225 1635 tibus
245 1603 415 1646 judicialis
437 1603 592 1647 generis)
628 1606 834 1648 adjecerunt
863 1607 1004 1651 quidam
1038 1606 1260 1650 partitionem
1294 1608 1337 1639 sb.
1377 1608 1411 1639 1.
1442 1603 1533 1648 part.
1572 1610 1627 1638 est

112 1683 113 1687 ,
140 1654 339 1681 nostrarum
367 1654 427 1681 ant
449 1650 642 1683 adversarii
676 1652 964 1695 propositionum
997 1658 1056 1686 aut
1085 1658 1315 1695 utrarumque
1349 1650 1476 1684 ordine
1512 1650 1627 1684 collo-

140 1699 221 1727 cata
243 1695 335 1736 (Sp.
364 1694 514 1736 collata)
538 1698 758 1730 enumeratio
779 1697 814 1740 4,
839 1700 874 1740 5,
899 1702 917 1732 1
943 1702 986 1732 Z.
1013 1700 1071 1731 De
1098 1698 1287 1742 partitione
1310 1696 1345 1738 4,
1365 1696 1452 1740 Cap.
1475 1698 1508 1730 5.
1534 1701 1648 1745 part..

87 1749 91 1751 ·
141 1739 358 1783 singularum
384 1740 539 1781 (rerum)
565 1740 602 1773 in
630 1748 746 1784 partes
770 1743 938 1777 discretio
971 1743 1026 1786 (S
1036 1757 1070 1787 p.
1103 1743 1277 1776 discretus
1322 1741 1441 1784 ordo)
1478 1745 1512 1783 7,
1547 1744 1623 1783 1‚<1

143 1785 180 1815 S·
198 1795 237 1834 J!-
266 1783 477 1818 Divisio-
503 1787 586 1828 (fig-
612 1799 670 1830 ap.
699 1787 832 1831 Cels.)
856 1791 891 1831 9,
907 1792 1046 1831 2,1Ο5·,
1070 1809 1116 1815 —
1131 1789 1275 1822 concisa
1298 1787 1445 1821 nimium
1469 1793 1506 1821 et
1528 1788 1646 1827 vetut,

142 1830 332 1879 articulosa
359 1830 392 1880 4,
417 1831 450 1871 5,
477 1829 530 1863 14.
578 1843 611 1874 p.
642 1833 790 1867 nimium
815 1835 1004 1878 multiplex
1031 1837 1074 1868 ib.
1106 1837 1140 1869 3.
1163 1841 1261 1867 recta
1292 1846 1324 1877 p.
1360 1835 1403 1866 17²·
1439 1845 1476 1876 P·
1512 1831 1626 1878 Priffla

143 1878 219 1906 est:
255 1874 340 1916 quid
362 1880 427 1917 sit,
459 1876 511 1926 de·
532 1887 602 1919 quo
626 1879 817 1912 conveniat
846 1879 883 1924 4,
916 1882 951 1922 5,
978 1882 1024 1915 28
1059 1882 1105 1915 N.
1152 1879 1291 1913 initium
1333 1879 1410 1919 eius
1440 1879 1630 1920 (oration-’³

145 1932 205 1970 prp
234 1921 394 1953 Clucnta'o·
425 1921 602 1962 partitioni
627 1923 740 1957 simile
768 1931 840 1968 est,
876 1937 966 1969 quae
989 1926 1171 1960 celeritate
1194 1927 1323 1971 gaudet
1346 1929 1382 1965 9,
1403 1923 1439 1965 4,
1462 1926 1521 1958 92.
1547 1923 1623 1958 cio.

142 1970 254 1997 utitur
274 1975 340 2008 pro
363 1963 528 1998 Cluentio
556 1969 605 2006 (in
629 1969 812 2013 prooemio)
835 1971 1026 2014 partitione
1046 1970 1080 2012 4,
1107 1975 1140 2012 ἲς
1163 1972 1220 2006 69.
1242 1970 1286 2011 cs-
1308 1971 1343 2010 6,
1360 1972 1395 2011 3,
1418 1969 1482 2010 66ς
1508 1973 1623 2003 Plan:

145 2020 259 2062 argu
274 2015 439 2052 menta,
476 2012 787 2057 partitiones,
819 2016 951 2057 jocos
974 2023 1014 2050 *et
1038 2017 1208 2060 quidquid
1232 2023 1285 2049 est
1319 2015 1474 2048 sermoni
1513 2015 1624 2061 magis

145 2056 260 2088 simile
283 2056 317 2095 9,
344 2055 484 2096 4,131.
519 2059 904 2100 propositionum
928 2073 969 2095 ac
992 2062 1298 2105 partitionum
1325 2063 1479 2105 leporem
1510 2063 1624 2103 11,1‚

145 2103 202 2135 53.
247 2101 284 2144 y)
309 2103 468 2134 materiae
494 2103 692 2137 rhetoricae.-
727 2109 831 2139 taceo
855 2107 901 2140 de
932 2107 1290 2151 partitionibus
1329 2113 1363 2141 et
1397 2107 1625 2141 declama-

144 2145 359 2179 tionibus
384 2149 417 2188 1,
442 2150 476 2188 2,
499 2149 545 2182 ,13
567 2148 614 2181 Ν.

101 2201 264 2242 Partus.
312 2223 402 2256 quae
426 2218 506 2246 ante
533 2220 671 2258 partum
694 2217 864 2250 meretrix
887 2218 956 2251 fuit
979 2222 1014 2261 7,
1037 2221 1072 2261 6,
1098 2221 1132 2253 3.

101 2258 270 2298 Parum·
323 2268 354 2309 l)
378 2270 512 2311 Adjecr.
534 2315 541 2321 ¹
566 2271 603 2312 α)
629 2273 787 2324 ‘alterum
821 2286 1000 2318 parum,
1041 2277 1189 2309 alterum
1224 2276 1411 2310 nimium
1445 2282 1500 2310 est
1530 2279 1565 2318 8,
1591 2279 1626 2320 3,

148 2313 195 2348 48
254 2320 418 2357 tunquam
438 2327 478 2366 p.
515 2321 578 2358 stt,
610 2329 640 2351 si
672 2318 808 2352 dicatur
833 2321 927 2364 quod
952 2321 1133 2355 horridum
1171 2324 1256 2365 (Sp.
1291 2323 1417 2365 labor)
1448 2326 1490 2356 ι’ὸ.
1523 2325 1570 2357 26
1593 2336 1623 2356 ν.

146 2359 389 2393 Aerumna.
424 2361 473 2411 ‘td
497 2371 614 2406 neque
638 2363 675 2396 in
701 2364 779 2397 aliis
803 2366 961 2409 partibus
989 2378 1111 2409 parum
1138 2367 1198 2410 (Z.
1222 2370 1264 2401 ‹Ie
1288 2376 1351 2401 trel.
1379 2370 1464 2411 conj.
1491 2369 1627 2411 rarum)

150 2410 223 2456 est,
252 2412 288 2439 et
315 2417 504 2457 praecipue
530 2410 715 2450 prooemio
740 2411 910 2445 convenit
930 2413 966 2454 9,
996 2416 1031 2455 2,
1058 2415 1101 2448 16
1136 2416 1182 2448 N.
1217 2415 1246 2447 si
1277 2414 1432 2458 aliqua
1465 2421 1625 2449 contem-

149 2454 273 2492 smset,
308 2461 339 2484 st
360 2462 513 2494 parum
543 2454 608 2494 (Z.
634 2462 669 2492 ut
685 2455 913 2495 felicissimam
939 2459 971 2490 h.
994 2462 1015 2491 l.
1050 2462 1257 2502 amplectitur
1288 2462 1514 2502 Madvigii
1538 2463 1622 2502 conj.

150 2501 308 2551 partem,
343 2508 429 2540 quae
450 2500 610 2538 probatur
633 2503 763 2545 quidem
793 2502 999 2546 aliquatenus
1030 2508 1259 2548 contrapositis
1290 2506 1407 2550 aliqua
1431 2514 1462 2540 ei
1493 2507 1624 2540 omnia.

151 2540 196 2582 cs.
220 2544 284 2574 Pr.
310 2544 389 2574 lixo.
419 2543 465 2576 N.
488 2549 518 2576 ei
539 2544 612 2587 H.)
637 2556 712 2579 non
737 2548 982 2591 concupisset,
1021 2550 1052 2582 si
1091 2561 1164 2584 nou
1196 2551 1346 2585 omnia
1383 2563 1445 2586 sua
1476 2560 1628 2587 amasset

151 2585 322 2630 (Seneca)
355 2589 411 2630 10,
436 2590 469 2630 1,
496 2591 561 2623 130
586 2592 632 2623 Ν.
677 2591 721 2636 β)
744 2606 773 2626 c.
804 2596 931 2629 Geni1.:
957 2606 1117 2638 parum
1141 2597 1256 2631 mellis
1278 2603 1314 2631 et
1337 2598 1502 2632 absinthii
1524 2601 1628 2631 mul-

125 2649 130 2654 ·
155 2637 247 2666 tum
270 2633 404 2667 habere
429 2635 464 2675 3,
493 2637 523 2676 1,
550 2637 571 2669 5
598 2637 643 2669 N.
689 2638 748 2671 An
771 2639 885 2673 Pollio
913 2645 949 2673 et
975 2641 1128 2675 Messala
1153 2660 1198 2667 —
1230 2655 1264 2687 p.
1291 2643 1327 2677 in
1352 2644 1425 2680 vita
1449 2644 1628 2688 dignitatis

149 2679 360 2730 habuerunt,
382 2691 418 2724 p.
432 2680 486 2731 ,³¹¹¹
511 2687 674 2724 posteros
697 2685 833 2728 gloriae
860 2685 1100 2722 tradiderunt?
1129 2691 1182 2730 12,
1212 2692 1266 2731 ll,
1291 2691 1346 2724 28.
1373 2703 1408 2734 p.
1434 2690 1501 2724 sibi
1525 2702 1623 2734 prae-

155 2729 239 2757 stari
261 2730 486 2777 reverenti-ae
520 2730 572 2767 11,
596 2730 630 2770 3,
656 2731 734 2763 133.
781 2730 832 2772 11)
856 2733 1005 2765 Adverb.
1030 2733 1072 2776 α)
1098 2747 1126 2768 c.
1160 2736 1312 2777 Adsecu:
1344 2748 1379 2779 p.
1415 2743 1533 2778 aptum
1576 2740 1630 2779 11,

97 2806 100 2810 ,
159 2772 192 2812 1,
217 2770 275 2805 89.
294 2783 331 2816 p.
356 2778 450 2805 cauti
473 2773 507 2815 5,
534 2775 590 2817 13,
614 2773 669 2808 34.
692 2787 728 2820 p.
752 2782 870 2811 certus
892 2777 929 2821 6,
952 2779 988 2822 3,
1011 2779 1068 2815 68.
1115 2790 1189 2818 non
1210 2793 1245 2826 p.
1270 2781 1402 2826 alioqui
1426 2783 1572 2827 copiosa
1594 2786 1627 2826 2,
