<?xml version="1.0" encoding="UTF-8"?>
<!DOCTYPE html PUBLIC "-//W3C//DTD XHTML 1.0 Transitional//EN"
    "http://www.w3.org/TR/xhtml1/DTD/xhtml1-transitional.dtd">
<html xmlns="http://www.w3.org/1999/xhtml" xml:lang="en" lang="en">
 <head>
  <title>
</title>
<meta http-equiv="Content-Type" content="text/html;charset=utf-8" />
  <meta name='ocr-system' content='tesseract 3.04.00' />
  <meta name='ocr-capabilities' content='ocr_page ocr_carea ocr_par ocr_line ocrx_word'/>
</head>
<body>
  <div class='ocr_page' id='page_1' title='image "./lexiconquintilia06bonnuoft/lexiconquintilia06bonnuoft_0280.png"; bbox 0 0 1728 3002; ppageno 0'>
   <div class='ocr_carea' id='block_1_1' title="bbox 180 144 1251 226">
    <p class='ocr_par' dir='ltr' id='par_1_1' title="bbox 180 144 1251 226">
     <span class='ocr_line' id='line_1_1' title="bbox 180 144 1251 226; baseline 0.004 -4"><span class='ocrx_word' id='word_1_1' title='bbox 180 174 260 223; x_wconf 82' lang='grc'>188</span> <span class='ocrx_word' id='word_1_2' title='bbox 400 144 406 151; x_wconf 93' lang='lat'>·-</span> <span class='ocrx_word' id='word_1_3' title='bbox 684 178 956 225; x_wconf 74' lang='lat' dir='ltr'>credibiliter</span> <span class='ocrx_word' id='word_1_4' title='bbox 985 207 1042 214; x_wconf 93' lang='lat'><strong>—</strong></span> <span class='ocrx_word' id='word_1_5' title='bbox 1071 172 1215 226; x_wconf 79' lang='lat' dir='ltr'>Credo</span> <span class='ocrx_word' id='word_1_6' title='bbox 1246 188 1251 193; x_wconf 79' lang='grc'><strong>”</strong></span> 
     </span>
    </p>
   </div>
   <div class='ocr_carea' id='block_1_2' title="bbox 179 280 1721 406">
    <p class='ocr_par' dir='ltr' id='par_1_2' title="bbox 179 280 1721 406">
     <span class='ocr_line' id='line_1_2' title="bbox 179 280 1721 344; baseline 0.01 -21"><span class='ocrx_word' id='word_1_7' title='bbox 179 280 467 325; x_wconf 78' lang='lat' dir='ltr'>credibiliter.</span> <span class='ocrx_word' id='word_1_8' title='bbox 514 311 560 320; x_wconf 91' lang='lat'>-</span> <span class='ocrx_word' id='word_1_9' title='bbox 583 294 706 330; x_wconf 79' lang='lat' dir='ltr'>dicere</span> <span class='ocrx_word' id='word_1_10' title='bbox 725 298 761 340; x_wconf 85' lang='lat'>2,</span> <span class='ocrx_word' id='word_1_11' title='bbox 784 297 840 339; x_wconf 87' lang='lat'>15,</span> <span class='ocrx_word' id='word_1_12' title='bbox 864 297 921 331; x_wconf 81' lang='lat'>36.</span> <span class='ocrx_word' id='word_1_13' title='bbox 955 298 990 341; x_wconf 81' lang='lat'>3,</span> <span class='ocrx_word' id='word_1_14' title='bbox 1017 299 1074 342; x_wconf 70' lang='grc' dir='ltr'><strong>ιι,</strong></span> <span class='ocrx_word' id='word_1_15' title='bbox 1099 300 1132 333; x_wconf 85' lang='lat'>1.</span> <span class='ocrx_word' id='word_1_16' title='bbox 1159 297 1196 344; x_wconf 84' lang='lat'>6,</span> <span class='ocrx_word' id='word_1_17' title='bbox 1219 301 1256 344; x_wconf 65' lang='grc' dir='ltr'>α,</span> <span class='ocrx_word' id='word_1_18' title='bbox 1281 300 1338 336; x_wconf 84' lang='lat'>19.</span> <span class='ocrx_word' id='word_1_19' title='bbox 1369 305 1513 337; x_wconf 73' lang='lat' dir='ltr'>nostros</span> <span class='ocrx_word' id='word_1_20' title='bbox 1537 312 1620 338; x_wconf 82' lang='lat' dir='ltr'>cum</span> <span class='ocrx_word' id='word_1_21' title='bbox 1641 298 1721 339; x_wconf 65' lang='lat' dir='ltr'>anis</span> 
     </span>
     <span class='ocr_line' id='line_1_3' title="bbox 221 341 1317 406; baseline 0.005 -31"><span class='ocrx_word' id='word_1_22' title='bbox 221 352 406 376; x_wconf 76' lang='lat' dir='ltr'><strong>sermones</strong></span> <span class='ocrx_word' id='word_1_23' title='bbox 430 359 475 366; x_wconf 89' lang='lat'>—</span> <span class='ocrx_word' id='word_1_24' title='bbox 499 341 597 377; x_wconf 88' lang='lat' dir='ltr'>cred.</span> <span class='ocrx_word' id='word_1_25' title='bbox 622 341 880 377; x_wconf 81' lang='lat' dir='ltr'><strong>introducimus</strong></span> <span class='ocrx_word' id='word_1_26' title='bbox 902 343 938 388; x_wconf 88' lang='grc'>9,</span> <span class='ocrx_word' id='word_1_27' title='bbox 962 346 997 387; x_wconf 85' lang='grc'>2,</span> <span class='ocrx_word' id='word_1_28' title='bbox 1021 346 1077 380; x_wconf 85' lang='grc'>30.</span> <span class='ocrx_word' id='word_1_29' title='bbox 1298 382 1317 406; x_wconf 55' lang='lat' dir='ltr'><em>l</em></span> 
     </span>
    </p>
   </div>
   <div class='ocr_carea' id='block_1_3' title="bbox 178 383 1721 501">
    <p class='ocr_par' dir='ltr' id='par_1_3' title="bbox 178 383 1721 501">
     <span class='ocr_line' id='line_1_4' title="bbox 178 383 1710 461; baseline 0.009 -23"><span class='ocrx_word' id='word_1_30' title='bbox 178 396 390 439; x_wconf 74' lang='lat' dir='ltr'>creditor.</span> <span class='ocrx_word' id='word_1_31' title='bbox 427 412 462 453; x_wconf 84' lang='lat'>3,</span> <span class='ocrx_word' id='word_1_32' title='bbox 486 410 522 453; x_wconf 83' lang='lat'>6,</span> <span class='ocrx_word' id='word_1_33' title='bbox 547 407 605 445; x_wconf 79' lang='grc'>84.</span> <span class='ocrx_word' id='word_1_34' title='bbox 634 410 668 453; x_wconf 85' lang='grc'>5,</span> <span class='ocrx_word' id='word_1_35' title='bbox 696 412 751 452; x_wconf 85' lang='grc'>10,</span> <span class='ocrx_word' id='word_1_36' title='bbox 778 410 856 446; x_wconf 81' lang='lat'><strong>105.</strong></span> <span class='ocrx_word' id='word_1_37' title='bbox 894 431 940 438; x_wconf 86' lang='lat'>—</span> <span class='ocrx_word' id='word_1_38' title='bbox 965 411 1074 448; x_wconf 87' lang='lat' dir='ltr'>totius</span> <span class='ocrx_word' id='word_1_39' title='bbox 1101 423 1263 450; x_wconf 75' lang='lat' dir='ltr'>stunmae</span> <span class='ocrx_word' id='word_1_40' title='bbox 1284 413 1329 458; x_wconf 85' lang='lat'>5,</span> <span class='ocrx_word' id='word_1_41' title='bbox 1352 415 1526 459; x_wconf 86' lang='grc'><strong>10,-117.</strong></span> <span class='ocrx_word' id='word_1_42' title='bbox 1561 383 1710 461; x_wconf 59' lang='lat' dir='ltr'>appella,</span> 
     </span>
     <span class='ocr_line' id='line_1_5' title="bbox 224 456 1721 501; baseline 0.001 -11"><span class='ocrx_word' id='word_1_43' title='bbox 224 456 318 490; x_wconf 82' lang='lat' dir='ltr'>baris</span> <span class='ocrx_word' id='word_1_44' title='bbox 345 468 366 491; x_wconf 85' lang='lat' dir='ltr'>a</span> <span class='ocrx_word' id='word_1_45' title='bbox 389 456 628 491; x_wconf 87' lang='lat' dir='ltr'>creditoribus</span> <span class='ocrx_word' id='word_1_46' title='bbox 656 456 691 501; x_wconf 88' lang='lat'>5,</span> <span class='ocrx_word' id='word_1_47' title='bbox 719 459 775 500; x_wconf 98' lang='lat'>12,</span> <span class='ocrx_word' id='word_1_48' title='bbox 803 457 837 492; x_wconf 93' lang='lat'>5.</span> <span class='ocrx_word' id='word_1_49' title='bbox 1713 476 1721 491; x_wconf 57' lang='grc' dir='ltr'><strong><em>η</em></strong></span> 
     </span>
    </p>
   </div>
   <div class='ocr_carea' id='block_1_4' title="bbox 178 510 1720 2837">
    <p class='ocr_par' dir='ltr' id='par_1_4' title="bbox 178 510 1720 2837">
     <span class='ocr_line' id='line_1_6' title="bbox 178 510 1717 574; baseline 0.008 -21"><span class='ocrx_word' id='word_1_50' title='bbox 178 510 333 554; x_wconf 77' lang='lat' dir='ltr'>Credo.</span> <span class='ocrx_word' id='word_1_51' title='bbox 380 523 415 569; x_wconf 94' lang='lat'>1)</span> <span class='ocrx_word' id='word_1_52' title='bbox 454 523 735 569; x_wconf 76' lang='lat' dir='ltr'>a)s1⁴mpliciier.·</span> <span class='ocrx_word' id='word_1_53' title='bbox 770 523 940 569; x_wconf 81' lang='lat' dir='ltr'>Credo,</span> <span class='ocrx_word' id='word_1_54' title='bbox 973 524 1110 571; x_wconf 78' lang='lat' dir='ltr'>inquit,</span> <span class='ocrx_word' id='word_1_55' title='bbox 1154 532 1191 563; x_wconf 78' lang='lat' dir='ltr'>et</span> <span class='ocrx_word' id='word_1_56' title='bbox 1219 536 1385 563; x_wconf 78' lang='lat' dir='ltr'>verum</span> <span class='ocrx_word' id='word_1_57' title='bbox 1417 533 1486 564; x_wconf 67' lang='lat'>082</span> <span class='ocrx_word' id='word_1_58' title='bbox 1513 530 1560 574; x_wconf 78' lang='grc'>6,</span> <span class='ocrx_word' id='word_1_59' title='bbox 1586 531 1631 574; x_wconf 82' lang='grc'>3,</span> <span class='ocrx_word' id='word_1_60' title='bbox 1657 528 1717 566; x_wconf 78' lang='grc'>94.</span> 
     </span>
     <span class='ocr_line' id='line_1_7' title="bbox 221 570 1720 618; baseline 0.005 -14"><span class='ocrx_word' id='word_1_61' title='bbox 221 570 275 604; x_wconf 84' lang='lat' dir='ltr'>sic</span> <span class='ocrx_word' id='word_1_62' title='bbox 300 570 408 605; x_wconf 88' lang='lat' dir='ltr'>animi</span> <span class='ocrx_word' id='word_1_63' title='bbox 433 582 595 616; x_wconf 75' lang='lat' dir='ltr'>(suoque,</span> <span class='ocrx_word' id='word_1_64' title='bbox 621 572 755 614; x_wconf 88' lang='lat' dir='ltr'>cred0‚</span> <span class='ocrx_word' id='word_1_65' title='bbox 783 571 1028 616; x_wconf 76' lang='lat' dir='ltr'>quia-minore</span> <span class='ocrx_word' id='word_1_66' title='bbox 1052 580 1187 608; x_wconf 87' lang='lat' dir='ltr'>conatu</span> <span class='ocrx_word' id='word_1_67' title='bbox 1209 580 1425 618; x_wconf 78' lang='lat' dir='ltr'>moventur,</span> <span class='ocrx_word' id='word_1_68' title='bbox 1451 595 1500 603; x_wconf 91' lang='lat'>—-</span> <span class='ocrx_word' id='word_1_69' title='bbox 1522 585 1596 610; x_wconf 81' lang='lat' dir='ltr'>non</span> <span class='ocrx_word' id='word_1_70' title='bbox 1619 576 1720 611; x_wconf 83' lang='lat' dir='ltr'>simi-</span> 
     </span>
     <span class='ocr_line' id='line_1_8' title="bbox 221 616 1719 664; baseline 0.004 -14"><span class='ocrx_word' id='word_1_71' title='bbox 221 616 305 651; x_wconf 86' lang='lat' dir='ltr'>liter</span> <span class='ocrx_word' id='word_1_72' title='bbox 330 617 523 664; x_wconf 81' lang='lat' dir='ltr'>fatigantur</span> <span class='ocrx_word' id='word_1_73' title='bbox 548 621 586 661; x_wconf 95' lang='lat'>1,</span> <span class='ocrx_word' id='word_1_74' title='bbox 618 620 683 660; x_wconf 91' lang='lat'>12,</span> <span class='ocrx_word' id='word_1_75' title='bbox 715 619 771 652; x_wconf 90' lang='grc'>10.</span> <span class='ocrx_word' id='word_1_76' title='bbox 811 623 852 652; x_wconf 84' lang='lat' dir='ltr'>ut</span> <span class='ocrx_word' id='word_1_77' title='bbox 874 619 1082 654; x_wconf 82' lang='lat' dir='ltr'>Athenaeus</span> <span class='ocrx_word' id='word_1_78' title='bbox 1105 619 1220 656; x_wconf 85' lang='lat' dir='ltr'>credit</span> <span class='ocrx_word' id='word_1_79' title='bbox 1242 622 1352 664; x_wconf 70' lang='lat'><strong>3‚&#39;3,</strong></span> <span class='ocrx_word' id='word_1_80' title='bbox 1378 623 1436 657; x_wconf 82' lang='lat'>13.</span> <span class='ocrx_word' id='word_1_81' title='bbox 1481 628 1522 656; x_wconf 90' lang='lat' dir='ltr'>ut</span> <span class='ocrx_word' id='word_1_82' title='bbox 1545 622 1719 657; x_wconf 82' lang='lat' dir='ltr'>creditum</span> 
     </span>
     <span class='ocr_line' id='line_1_9' title="bbox 221 664 1719 713; baseline 0.003 -15"><span class='ocrx_word' id='word_1_83' title='bbox 221 669 277 698; x_wconf 80' lang='lat' dir='ltr'>est</span> <span class='ocrx_word' id='word_1_84' title='bbox 299 666 336 707; x_wconf 90' lang='lat'>2,</span> <span class='ocrx_word' id='word_1_85' title='bbox 362 666 418 707; x_wconf 85' lang='lat'>15,</span> <span class='ocrx_word' id='word_1_86' title='bbox 445 666 500 698; x_wconf 88' lang='lat'>10.</span> <span class='ocrx_word' id='word_1_87' title='bbox 535 670 593 706; x_wconf 88' lang='lat' dir='ltr'>ut,</span> <span class='ocrx_word' id='word_1_88' title='bbox 624 664 686 708; x_wconf 85' lang='lat' dir='ltr'>qui</span> <span class='ocrx_word' id='word_1_89' title='bbox 714 664 992 709; x_wconf 85' lang='lat' dir='ltr'><strong>crediderit,</strong></span> <span class='ocrx_word' id='word_1_90' title='bbox 1019 671 1056 700; x_wconf 88' lang='lat' dir='ltr'>et</span> <span class='ocrx_word' id='word_1_91' title='bbox 1078 672 1240 710; x_wconf 77' lang='lat' dir='ltr'>speret</span> <span class='ocrx_word' id='word_1_92' title='bbox 1265 669 1322 711; x_wconf 90' lang='lat'>11,</span> <span class='ocrx_word' id='word_1_93' title='bbox 1349 669 1385 711; x_wconf 86' lang='lat'>2,</span> <span class='ocrx_word' id='word_1_94' title='bbox 1414 667 1471 702; x_wconf 88' lang='grc'>51.</span> <span class='ocrx_word' id='word_1_95' title='bbox 1504 678 1576 713; x_wconf 84' lang='lat' dir='ltr'>quo</span> <span class='ocrx_word' id='word_1_96' title='bbox 1599 668 1719 703; x_wconf 76' lang='lat' dir='ltr'>faoi-</span> 
     </span>
     <span class='ocr_line' id='line_1_10' title="bbox 220 709 1697 757; baseline 0.005 -15"><span class='ocrx_word' id='word_1_97' title='bbox 220 709 320 743; x_wconf 83' lang='lat' dir='ltr'>lius</span> <span class='ocrx_word' id='word_1_98' title='bbox 347 711 459 755; x_wconf 82' lang='lat' dir='ltr'>judex</span> <span class='ocrx_word' id='word_1_99' title='bbox 484 710 747 756; x_wconf 86' lang='lat' dir='ltr'>intelligat,</span> <span class='ocrx_word' id='word_1_100' title='bbox 772 710 1054 756; x_wconf 88' lang='lat' dir='ltr'>meminerit,</span> <span class='ocrx_word' id='word_1_101' title='bbox 1081 713 1241 749; x_wconf 73' lang='lat' dir='ltr'>credat</span> <span class='ocrx_word' id='word_1_102' title='bbox 1261 712 1298 756; x_wconf 93' lang='lat'>4,</span> <span class='ocrx_word' id='word_1_103' title='bbox 1322 715 1359 757; x_wconf 82' lang='lat'>2,</span> <span class='ocrx_word' id='word_1_104' title='bbox 1383 715 1440 749; x_wconf 85' lang='lat'>33.</span> <span class='ocrx_word' id='word_1_105' title='bbox 1474 714 1539 748; x_wconf 88' lang='lat' dir='ltr'>ubi</span> <span class='ocrx_word' id='word_1_106' title='bbox 1562 719 1599 750; x_wconf 83' lang='lat' dir='ltr'>et</span> <span class='ocrx_word' id='word_1_107' title='bbox 1621 726 1697 749; x_wconf 86' lang='lat' dir='ltr'>cre</span> 
     </span>
     <span class='ocr_line' id='line_1_11' title="bbox 222 756 1713 804; baseline 0.004 -15"><span class='ocrx_word' id='word_1_108' title='bbox 222 756 370 790; x_wconf 88' lang='lat' dir='ltr'>dimus</span> <span class='ocrx_word' id='word_1_109' title='bbox 399 770 475 801; x_wconf 84' lang='lat' dir='ltr'><strong>opp.</strong></span> <span class='ocrx_word' id='word_1_110' title='bbox 500 760 540 790; x_wconf 90' lang='lat' dir='ltr'>in</span> <span class='ocrx_word' id='word_1_111' title='bbox 567 758 675 791; x_wconf 90' lang='lat' dir='ltr'>rebus</span> <span class='ocrx_word' id='word_1_112' title='bbox 699 756 837 791; x_wconf 82' lang='lat' dir='ltr'>fictis</span> <span class='ocrx_word' id='word_1_113' title='bbox 867 761 922 800; x_wconf 87' lang='lat'>11,</span> <span class='ocrx_word' id='word_1_114' title='bbox 946 760 982 802; x_wconf 87' lang='lat'>3,</span> <span class='ocrx_word' id='word_1_115' title='bbox 1010 760 1043 793; x_wconf 88' lang='grc'>5.</span> <span class='ocrx_word' id='word_1_116' title='bbox 1090 759 1120 792; x_wconf 84' lang='lat' dir='ltr'>si</span> <span class='ocrx_word' id='word_1_117' title='bbox 1146 759 1270 801; x_wconf 79' lang='lat' dir='ltr'>credas</span> <span class='ocrx_word' id='word_1_118' title='bbox 1298 762 1366 804; x_wconf 83' lang='lat'>12,</span> <span class='ocrx_word' id='word_1_119' title='bbox 1395 763 1460 803; x_wconf 88' lang='lat'>11,</span> <span class='ocrx_word' id='word_1_120' title='bbox 1484 763 1540 795; x_wconf 87' lang='grc'>12.</span> <span class='ocrx_word' id='word_1_121' title='bbox 1579 773 1612 795; x_wconf 79' lang='grc' dir='ltr'>ν.</span> <span class='ocrx_word' id='word_1_122' title='bbox 1635 762 1667 796; x_wconf 80' lang='lat' dir='ltr'>R</span> <span class='ocrx_word' id='word_1_123' title='bbox 1712 796 1713 799; x_wconf 64' lang='grc'><strong>,</strong></span> 
     </span>
     <span class='ocr_line' id='line_1_12' title="bbox 220 803 1715 851; baseline 0.005 -16"><span class='ocrx_word' id='word_1_124' title='bbox 220 813 394 848; x_wconf 89' lang='lat' dir='ltr'>pugno.</span> <span class='ocrx_word' id='word_1_125' title='bbox 451 803 495 836; x_wconf 86' lang='lat' dir='ltr'>ad</span> <span class='ocrx_word' id='word_1_126' title='bbox 530 803 747 837; x_wconf 88' lang='lat' dir='ltr'>credendum</span> <span class='ocrx_word' id='word_1_127' title='bbox 777 804 839 838; x_wconf 86' lang='lat' dir='ltr'>vel</span> <span class='ocrx_word' id='word_1_128' title='bbox 874 814 947 838; x_wconf 87' lang='lat' dir='ltr'>non</span> <span class='ocrx_word' id='word_1_129' title='bbox 979 805 1198 840; x_wconf 89' lang='lat' dir='ltr'>credendum</span> <span class='ocrx_word' id='word_1_130' title='bbox 1226 808 1310 840; x_wconf 73' lang='lat' dir='ltr'>ante</span> <span class='ocrx_word' id='word_1_131' title='bbox 1334 806 1510 841; x_wconf 76' lang='lat' dir='ltr'>formatus</span> <span class='ocrx_word' id='word_1_132' title='bbox 1533 807 1573 850; x_wconf 89' lang='lat'><strong>5,</strong></span> <span class='ocrx_word' id='word_1_133' title='bbox 1607 809 1652 851; x_wconf 92' lang='lat'><strong>7,</strong></span> <span class='ocrx_word' id='word_1_134' title='bbox 1681 807 1715 843; x_wconf 86' lang='lat'>8.</span> 
     </span>
     <span class='ocr_line' id='line_1_13' title="bbox 220 848 1672 898; baseline 0.003 -16"><span class='ocrx_word' id='word_1_135' title='bbox 220 848 264 890; x_wconf 75' lang='lat' dir='ltr'>cs.</span> <span class='ocrx_word' id='word_1_136' title='bbox 292 851 336 893; x_wconf 88' lang='grc'>6,</span> <span class='ocrx_word' id='word_1_137' title='bbox 361 848 402 892; x_wconf 86' lang='grc'>4,</span> <span class='ocrx_word' id='word_1_138' title='bbox 427 851 485 883; x_wconf 84' lang='grc'>22.</span> <span class='ocrx_word' id='word_1_139' title='bbox 529 860 710 894; x_wconf 74' lang='lat' dir='ltr'>nunquam</span> <span class='ocrx_word' id='word_1_140' title='bbox 738 850 852 884; x_wconf 85' lang='lat' dir='ltr'>satis</span> <span class='ocrx_word' id='word_1_141' title='bbox 878 851 1173 886; x_wconf 83' lang='lat' dir='ltr'>credendum</span> <span class='ocrx_word' id='word_1_142' title='bbox 1195 858 1250 886; x_wconf 83' lang='lat' dir='ltr'>est</span> <span class='ocrx_word' id='word_1_143' title='bbox 1286 852 1330 897; x_wconf 85' lang='lat' dir='ltr'>(i.</span> <span class='ocrx_word' id='word_1_144' title='bbox 1357 865 1386 887; x_wconf 85' lang='lat' dir='ltr'>e.</span> <span class='ocrx_word' id='word_1_145' title='bbox 1413 865 1635 898; x_wconf 22' lang='lat' dir='ltr'>nunquam.</span> <span class='ocrx_word' id='word_1_146' title='bbox 1654 866 1672 886; x_wconf 93' lang='lat' dir='ltr'>r</span> 
     </span>
     <span class='ocr_line' id='line_1_14' title="bbox 219 897 1698 946; baseline 0.003 -18"><span class='ocrx_word' id='word_1_147' title='bbox 219 897 542 938; x_wconf 71' lang='lat' dir='ltr'>spondendum,</span> <span class='ocrx_word' id='word_1_148' title='bbox 569 898 685 930; x_wconf 77' lang='lat' dir='ltr'>Satis</span> <span class='ocrx_word' id='word_1_149' title='bbox 711 898 853 931; x_wconf 84' lang='lat' dir='ltr'>credo.</span> <span class='ocrx_word' id='word_1_150' title='bbox 890 899 1087 941; x_wconf 61' lang='lat' dir='ltr'>Duum),</span> <span class='ocrx_word' id='word_1_151' title='bbox 1116 899 1180 932; x_wconf 85' lang='lat' dir='ltr'>sed</span> <span class='ocrx_word' id='word_1_152' title='bbox 1196 898 1384 946; x_wconf 84' lang='lat' dir='ltr'>agitandus</span> <span class='ocrx_word' id='word_1_153' title='bbox 1407 899 1573 934; x_wconf 78' lang='lat' dir='ltr'>omnibus</span> <span class='ocrx_word' id='word_1_154' title='bbox 1599 898 1698 933; x_wconf 86' lang='lat' dir='ltr'>modi</span> 
     </span>
     <span class='ocr_line' id='line_1_15' title="bbox 217 940 1701 989; baseline 0.003 -15"><span class='ocrx_word' id='word_1_155' title='bbox 217 940 412 985; x_wconf 71' lang='lat' dir='ltr'><em>(litigator)</em></span> <span class='ocrx_word' id='word_1_156' title='bbox 438 944 494 984; x_wconf 88' lang='lat'><strong>12,</strong></span> <span class='ocrx_word' id='word_1_157' title='bbox 519 943 560 985; x_wconf 89' lang='grc'>8,</span> <span class='ocrx_word' id='word_1_158' title='bbox 579 944 603 978; x_wconf 87' lang='grc'><strong>9</strong></span> <span class='ocrx_word' id='word_1_159' title='bbox 631 943 673 977; x_wconf 79' lang='grc' dir='ltr'>Ν.</span> <span class='ocrx_word' id='word_1_160' title='bbox 703 950 734 976; x_wconf 79' lang='lat' dir='ltr'>et</span> <span class='ocrx_word' id='word_1_161' title='bbox 761 943 797 978; x_wconf 87' lang='lat' dir='ltr'>S.</span> <span class='ocrx_word' id='word_1_162' title='bbox 860 942 904 989; x_wconf 79' lang='grc' dir='ltr'>β)</span> <span class='ocrx_word' id='word_1_163' title='bbox 935 956 962 977; x_wconf 85' lang='grc' dir='ltr'>ο.</span> <span class='ocrx_word' id='word_1_164' title='bbox 988 947 1114 977; x_wconf 82' lang='lat' dir='ltr'><strong>Accus.</strong></span> <span class='ocrx_word' id='word_1_165' title='bbox 1131 959 1141 978; x_wconf 93' lang='lat'>.·</span> <span class='ocrx_word' id='word_1_166' title='bbox 1171 949 1212 978; x_wconf 88' lang='lat' dir='ltr'>ut</span> <span class='ocrx_word' id='word_1_167' title='bbox 1235 955 1380 979; x_wconf 80' lang='lat' dir='ltr'>causam</span> <span class='ocrx_word' id='word_1_168' title='bbox 1404 951 1564 979; x_wconf 86' lang='lat' dir='ltr'>nostram</span> <span class='ocrx_word' id='word_1_169' title='bbox 1586 945 1672 980; x_wconf 89' lang='lat' dir='ltr'>meli</span> <span class='ocrx_word' id='word_1_170' title='bbox 1699 978 1701 980; x_wconf 81' lang='grc'><strong>,</strong></span> 
     </span>
     <span class='ocr_line' id='line_1_16' title="bbox 215 988 1695 1036; baseline 0.002 -15"><span class='ocrx_word' id='word_1_171' title='bbox 215 999 293 1022; x_wconf 85' lang='lat' dir='ltr'>rem</span> <span class='ocrx_word' id='word_1_172' title='bbox 318 999 396 1022; x_wconf 89' lang='lat' dir='ltr'>esse</span> <span class='ocrx_word' id='word_1_173' title='bbox 420 988 556 1031; x_wconf 82' lang='lat' dir='ltr'>judices</span> <span class='ocrx_word' id='word_1_174' title='bbox 583 994 744 1032; x_wconf 88' lang='lat' dir='ltr'>putent</span> <span class='ocrx_word' id='word_1_175' title='bbox 768 1001 834 1023; x_wconf 93' lang='lat'>—:</span> <span class='ocrx_word' id='word_1_176' title='bbox 874 990 937 1023; x_wconf 87' lang='lat' dir='ltr'>sed</span> <span class='ocrx_word' id='word_1_177' title='bbox 960 989 1016 1033; x_wconf 83' lang='lat' dir='ltr'>id,</span> <span class='ocrx_word' id='word_1_178' title='bbox 1046 992 1140 1034; x_wconf 87' lang='lat' dir='ltr'>quod</span> <span class='ocrx_word' id='word_1_179' title='bbox 1163 991 1316 1034; x_wconf 72' lang='lat' dir='ltr'>voltmt,</span> <span class='ocrx_word' id='word_1_180' title='bbox 1345 1002 1419 1025; x_wconf 85' lang='lat' dir='ltr'>cre</span> <span class='ocrx_word' id='word_1_181' title='bbox 1431 992 1543 1026; x_wconf 86' lang='lat' dir='ltr'>dunt</span> <span class='ocrx_word' id='word_1_182' title='bbox 1571 991 1695 1036; x_wconf 82' lang='lat' dir='ltr'>quoqu</span> 
     </span>
     <span class='ocr_line' id='line_1_17' title="bbox 217 1035 1713 1081; baseline 0.001 -12"><span class='ocrx_word' id='word_1_183' title='bbox 217 1035 252 1077; x_wconf 81' lang='lat'>6,</span> <span class='ocrx_word' id='word_1_184' title='bbox 276 1037 310 1077; x_wconf 86' lang='grc'>2,</span> <span class='ocrx_word' id='word_1_185' title='bbox 334 1037 369 1069; x_wconf 85' lang='grc'>5.</span> <span class='ocrx_word' id='word_1_186' title='bbox 406 1036 503 1078; x_wconf 83' lang='lat' dir='ltr'>quod</span> <span class='ocrx_word' id='word_1_187' title='bbox 527 1035 626 1069; x_wconf 88' lang='lat' dir='ltr'>credi</span> <span class='ocrx_word' id='word_1_188' title='bbox 653 1035 820 1071; x_wconf 80' lang='lat' dir='ltr'>volebam</span> <span class='ocrx_word' id='word_1_189' title='bbox 842 1039 878 1079; x_wconf 86' lang='lat'>7,</span> <span class='ocrx_word' id='word_1_190' title='bbox 906 1040 937 1078; x_wconf 90' lang='lat'>1,</span> <span class='ocrx_word' id='word_1_191' title='bbox 959 1038 1015 1070; x_wconf 81' lang='lat'>31.</span> <span class='ocrx_word' id='word_1_192' title='bbox 1044 1037 1153 1081; x_wconf 79' lang='lat' dir='ltr'>idque</span> <span class='ocrx_word' id='word_1_193' title='bbox 1175 1038 1300 1072; x_wconf 84' lang='lat' dir='ltr'>credet</span> <span class='ocrx_word' id='word_1_194' title='bbox 1327 1035 1395 1081; x_wconf 71' lang='lat' dir='ltr'>(sic</span> <span class='ocrx_word' id='word_1_195' title='bbox 1422 1039 1544 1072; x_wconf 72' lang='lat' dir='ltr'>Gesn.</span> <span class='ocrx_word' id='word_1_196' title='bbox 1572 1035 1713 1071; x_wconf 53' lang='lat' dir='ltr'>emend?</span> 
     </span>
     <span class='ocr_line' id='line_1_18' title="bbox 216 1079 1686 1129; baseline 0.003 -16"><span class='ocrx_word' id='word_1_197' title='bbox 216 1084 309 1122; x_wconf 79' lang='lat' dir='ltr'><strong>vulg.</strong></span> <span class='ocrx_word' id='word_1_198' title='bbox 333 1079 495 1123; x_wconf 81' lang='lat' dir='ltr'>credere)</span> <span class='ocrx_word' id='word_1_199' title='bbox 527 1092 592 1116; x_wconf 83' lang='lat' dir='ltr'>suo</span> <span class='ocrx_word' id='word_1_200' title='bbox 618 1081 767 1126; x_wconf 81' lang='lat' dir='ltr'>quisque</span> <span class='ocrx_word' id='word_1_201' title='bbox 791 1082 1039 1126; x_wconf 82' lang='lat' dir='ltr'>experimento</span> <span class='ocrx_word' id='word_1_202' title='bbox 1065 1086 1120 1126; x_wconf 90' lang='lat'>11,</span> <span class='ocrx_word' id='word_1_203' title='bbox 1143 1086 1179 1127; x_wconf 89' lang='grc'>2,</span> <span class='ocrx_word' id='word_1_204' title='bbox 1206 1087 1250 1120; x_wconf 92' lang='grc'><strong>17</strong></span> <span class='ocrx_word' id='word_1_205' title='bbox 1274 1085 1320 1118; x_wconf 85' lang='lat' dir='ltr'>N·</span> <span class='ocrx_word' id='word_1_206' title='bbox 1356 1083 1408 1118; x_wconf 89' lang='lat' dir='ltr'>sic</span> <span class='ocrx_word' id='word_1_207' title='bbox 1431 1083 1580 1129; x_wconf 70' lang='lat' dir='ltr'>fiet‚.ut</span> <span class='ocrx_word' id='word_1_208' title='bbox 1601 1084 1686 1128; x_wconf 63' lang='lat' dir='ltr'>jude</span> 
     </span>
     <span class='ocr_line' id='line_1_19' title="bbox 215 1127 1713 1174; baseline 0.003 -15"><span class='ocrx_word' id='word_1_209' title='bbox 215 1133 361 1170; x_wconf 80' lang='lat' dir='ltr'>quaerat</span> <span class='ocrx_word' id='word_1_210' title='bbox 394 1127 481 1160; x_wconf 86' lang='lat' dir='ltr'>illud</span> <span class='ocrx_word' id='word_1_211' title='bbox 518 1127 642 1161; x_wconf 75' lang='lat' dir='ltr'>nescio</span> <span class='ocrx_word' id='word_1_212' title='bbox 678 1127 762 1172; x_wconf 86' lang='lat' dir='ltr'>quid</span> <span class='ocrx_word' id='word_1_213' title='bbox 791 1127 891 1171; x_wconf 87' lang='lat' dir='ltr'>ipse,</span> <span class='ocrx_word' id='word_1_214' title='bbox 937 1130 1064 1174; x_wconf 84' lang='lat' dir='ltr'>quod</span> <span class='ocrx_word' id='word_1_215' title='bbox 1096 1130 1250 1164; x_wconf 85' lang='lat' dir='ltr'>sortasse</span> <span class='ocrx_word' id='word_1_216' title='bbox 1283 1140 1359 1165; x_wconf 88' lang='lat' dir='ltr'>non</span> <span class='ocrx_word' id='word_1_217' title='bbox 1384 1131 1647 1173; x_wconf 87' lang='lat' dir='ltr'>crederet,</span> <span class='ocrx_word' id='word_1_218' title='bbox 1668 1128 1713 1170; x_wconf 62' lang='lat' dir='ltr'>„s‘</span> 
     </span>
     <span class='ocr_line' id='line_1_20' title="bbox 215 1172 1712 1221; baseline 0.004 -15"><span class='ocrx_word' id='word_1_219' title='bbox 215 1172 377 1207; x_wconf 79' lang='lat' dir='ltr'>audiret:</span> <span class='ocrx_word' id='word_1_220' title='bbox 413 1179 448 1207; x_wconf 91' lang='lat' dir='ltr'>et</span> <span class='ocrx_word' id='word_1_221' title='bbox 473 1172 536 1216; x_wconf 88' lang='lat' dir='ltr'>ei,</span> <span class='ocrx_word' id='word_1_222' title='bbox 571 1174 668 1218; x_wconf 83' lang='lat' dir='ltr'>quod</span> <span class='ocrx_word' id='word_1_223' title='bbox 693 1186 713 1207; x_wconf 90' lang='lat' dir='ltr'>a</span> <span class='ocrx_word' id='word_1_224' title='bbox 739 1185 778 1208; x_wconf 90' lang='lat' dir='ltr'>se</span> <span class='ocrx_word' id='word_1_225' title='bbox 803 1174 991 1208; x_wconf 80' lang='lat' dir='ltr'>inventum</span> <span class='ocrx_word' id='word_1_226' title='bbox 1019 1174 1286 1220; x_wconf 80' lang='lat' dir='ltr'>existimat,</span> <span class='ocrx_word' id='word_1_227' title='bbox 1310 1175 1471 1211; x_wconf 71' lang='lat' dir='ltr'>credat</span> <span class='ocrx_word' id='word_1_228' title='bbox 1495 1176 1543 1220; x_wconf 84' lang='lat'>9,</span> <span class='ocrx_word' id='word_1_229' title='bbox 1569 1178 1612 1221; x_wconf 82' lang='lat'>2,</span> <span class='ocrx_word' id='word_1_230' title='bbox 1641 1177 1712 1218; x_wconf 65' lang='lat'>713</span> 
     </span>
     <span class='ocr_line' id='line_1_21' title="bbox 215 1219 1712 1265; baseline 0.002 -12"><span class='ocrx_word' id='word_1_231' title='bbox 215 1219 330 1253; x_wconf 87' lang='lat' dir='ltr'>credit</span> <span class='ocrx_word' id='word_1_232' title='bbox 362 1219 577 1262; x_wconf 86' lang='lat' dir='ltr'>facilius,</span> <span class='ocrx_word' id='word_1_233' title='bbox 617 1231 708 1264; x_wconf 83' lang='lat' dir='ltr'>quae</span> <span class='ocrx_word' id='word_1_234' title='bbox 732 1219 890 1254; x_wconf 86' lang='lat' dir='ltr'>audienti</span> <span class='ocrx_word' id='word_1_235' title='bbox 915 1221 1071 1262; x_wconf 88' lang='lat' dir='ltr'>jucunda</span> <span class='ocrx_word' id='word_1_236' title='bbox 1095 1227 1177 1255; x_wconf 85' lang='lat' dir='ltr'>sunt</span> <span class='ocrx_word' id='word_1_237' title='bbox 1202 1221 1247 1264; x_wconf 80' lang='lat'>4,</span> <span class='ocrx_word' id='word_1_238' title='bbox 1274 1225 1318 1265; x_wconf 90' lang='lat'>2,</span> <span class='ocrx_word' id='word_1_239' title='bbox 1347 1223 1428 1258; x_wconf 90' lang='grc'><strong>119.</strong></span> <span class='ocrx_word' id='word_1_240' title='bbox 1469 1221 1514 1264; x_wconf 70' lang='lat' dir='ltr'>qs·</span> <span class='ocrx_word' id='word_1_241' title='bbox 1537 1223 1578 1265; x_wconf 90' lang='grc'>8,</span> <span class='ocrx_word' id='word_1_242' title='bbox 1604 1223 1650 1265; x_wconf 86' lang='grc'>3,</span> <span class='ocrx_word' id='word_1_243' title='bbox 1667 1223 1712 1258; x_wconf 86' lang='grc'>,5.</span> 
     </span>
     <span class='ocr_line' id='line_1_22' title="bbox 215 1264 1712 1312; baseline 0.002 -14"><span class='ocrx_word' id='word_1_244' title='bbox 215 1266 312 1309; x_wconf 88' lang='lat' dir='ltr'>quod</span> <span class='ocrx_word' id='word_1_245' title='bbox 344 1265 374 1298; x_wconf 91' lang='lat' dir='ltr'>si</span> <span class='ocrx_word' id='word_1_246' title='bbox 401 1265 480 1310; x_wconf 82' lang='lat' dir='ltr'>quis</span> <span class='ocrx_word' id='word_1_247' title='bbox 509 1277 671 1309; x_wconf 86' lang='lat' dir='ltr'>parum</span> <span class='ocrx_word' id='word_1_248' title='bbox 698 1267 821 1300; x_wconf 86' lang='lat' dir='ltr'>credat</span> <span class='ocrx_word' id='word_1_249' title='bbox 848 1271 885 1309; x_wconf 84' lang='grc'>1,</span> <span class='ocrx_word' id='word_1_250' title='bbox 910 1270 951 1310; x_wconf 87' lang='lat'><strong>7,</strong></span> <span class='ocrx_word' id='word_1_251' title='bbox 982 1268 1046 1310; x_wconf 84' lang='lat'>19;</span> <span class='ocrx_word' id='word_1_252' title='bbox 1091 1267 1178 1302; x_wconf 86' lang='lat' dir='ltr'>licet</span> <span class='ocrx_word' id='word_1_253' title='bbox 1206 1268 1500 1312; x_wconf 76' lang='lat' dir='ltr'><strong>Thrasymachus</strong></span> <span class='ocrx_word' id='word_1_254' title='bbox 1528 1267 1626 1302; x_wconf 86' lang='lat' dir='ltr'>idem</span> <span class='ocrx_word' id='word_1_255' title='bbox 1657 1264 1712 1301; x_wconf 89' lang='lat' dir='ltr'>de</span> 
     </span>
     <span class='ocr_line' id='line_1_23' title="bbox 213 1311 1667 1355; baseline 0.002 -11"><span class='ocrx_word' id='word_1_256' title='bbox 213 1311 355 1345; x_wconf 79' lang='lat' dir='ltr'>actione</span> <span class='ocrx_word' id='word_1_257' title='bbox 381 1311 573 1345; x_wconf 83' lang='lat' dir='ltr'>crediderit</span> <span class='ocrx_word' id='word_1_258' title='bbox 600 1314 635 1355; x_wconf 88' lang='lat'>3,</span> <span class='ocrx_word' id='word_1_259' title='bbox 659 1314 694 1355; x_wconf 87' lang='lat'>3,</span> <span class='ocrx_word' id='word_1_260' title='bbox 717 1311 751 1346; x_wconf 82' lang='lat'>4.</span> <span class='ocrx_word' id='word_1_261' title='bbox 781 1311 826 1354; x_wconf 84' lang='lat' dir='ltr'><strong>cf.</strong></span> <span class='ocrx_word' id='word_1_262' title='bbox 850 1315 886 1355; x_wconf 85' lang='lat'>2,</span> <span class='ocrx_word' id='word_1_263' title='bbox 913 1311 969 1355; x_wconf 87' lang='lat'>14,</span> <span class='ocrx_word' id='word_1_264' title='bbox 995 1311 1028 1347; x_wconf 85' lang='lat'>4.</span> <span class='ocrx_word' id='word_1_265' title='bbox 1065 1313 1294 1348; x_wconf 84' lang='lat' dir='ltr'>latrocinium</span> <span class='ocrx_word' id='word_1_266' title='bbox 1319 1315 1365 1348; x_wconf 83' lang='lat' dir='ltr'>fa</span> <span class='ocrx_word' id='word_1_267' title='bbox 1377 1313 1528 1351; x_wconf 79' lang='lat' dir='ltr'>cilius</span> <span class='ocrx_word' id='word_1_268' title='bbox 1558 1313 1606 1347; x_wconf 86' lang='lat' dir='ltr'>in</span> <span class='ocrx_word' id='word_1_269' title='bbox 1658 1313 1667 1320; x_wconf 88' lang='grc'><strong>”</strong></span> 
     </span>
     <span class='ocr_line' id='line_1_24' title="bbox 213 1358 1711 1404; baseline 0.001 -12"><span class='ocrx_word' id='word_1_270' title='bbox 213 1358 339 1392; x_wconf 84' lang='lat' dir='ltr'>credas</span> <span class='ocrx_word' id='word_1_271' title='bbox 364 1358 398 1401; x_wconf 87' lang='lat'>5,</span> <span class='ocrx_word' id='word_1_272' title='bbox 424 1360 481 1401; x_wconf 93' lang='lat'>10,</span> <span class='ocrx_word' id='word_1_273' title='bbox 509 1358 567 1392; x_wconf 89' lang='lat'>25.</span> <span class='ocrx_word' id='word_1_274' title='bbox 599 1364 723 1392; x_wconf 87' lang='lat' dir='ltr'>nostra</span> <span class='ocrx_word' id='word_1_275' title='bbox 745 1359 836 1393; x_wconf 85' lang='lat' dir='ltr'>haec</span> <span class='ocrx_word' id='word_1_276' title='bbox 861 1369 1004 1404; x_wconf 81' lang='lat' dir='ltr'>semper</span> <span class='ocrx_word' id='word_1_277' title='bbox 1028 1359 1183 1404; x_wconf 90' lang='lat' dir='ltr'>opinio</span> <span class='ocrx_word' id='word_1_278' title='bbox 1206 1359 1312 1403; x_wconf 74' lang='lat' dir='ltr'>fecit,</span> <span class='ocrx_word' id='word_1_279' title='bbox 1346 1365 1387 1394; x_wconf 88' lang='lat' dir='ltr'>ut</span> <span class='ocrx_word' id='word_1_280' title='bbox 1408 1379 1456 1386; x_wconf 91' lang='lat'>—-</span> <span class='ocrx_word' id='word_1_281' title='bbox 1477 1359 1524 1394; x_wconf 85' lang='lat' dir='ltr'>in</span> <span class='ocrx_word' id='word_1_282' title='bbox 1547 1370 1593 1395; x_wconf 90' lang='lat' dir='ltr'>eo</span> <span class='ocrx_word' id='word_1_283' title='bbox 1618 1371 1711 1394; x_wconf 88' lang='lat' dir='ltr'>cre-</span> 
     </span>
     <span class='ocr_line' id='line_1_25' title="bbox 211 1404 1710 1452; baseline 0.001 -14"><span class='ocrx_word' id='word_1_284' title='bbox 211 1404 375 1438; x_wconf 79' lang='lat' dir='ltr'>(ierem</span> <span class='ocrx_word' id='word_1_285' title='bbox 412 1410 541 1438; x_wconf 84' lang='lat' dir='ltr'>statum</span> <span class='ocrx_word' id='word_1_286' title='bbox 576 1415 728 1448; x_wconf 87' lang='lat' dir='ltr'>causae,</span> <span class='ocrx_word' id='word_1_287' title='bbox 781 1405 878 1450; x_wconf 82' lang='lat' dir='ltr'>quod</span> <span class='ocrx_word' id='word_1_288' title='bbox 915 1411 1011 1439; x_wconf 89' lang='lat' dir='ltr'>esset</span> <span class='ocrx_word' id='word_1_289' title='bbox 1039 1405 1077 1439; x_wconf 88' lang='lat' dir='ltr'>in</span> <span class='ocrx_word' id='word_1_290' title='bbox 1112 1417 1155 1440; x_wconf 85' lang='lat' dir='ltr'>ea</span> <span class='ocrx_word' id='word_1_291' title='bbox 1185 1406 1472 1452; x_wconf 86' lang='lat' dir='ltr'>potentissimum</span> <span class='ocrx_word' id='word_1_292' title='bbox 1497 1408 1540 1449; x_wconf 89' lang='lat'>3,</span> <span class='ocrx_word' id='word_1_293' title='bbox 1575 1406 1621 1450; x_wconf 76' lang='lat'>6,</span> <span class='ocrx_word' id='word_1_294' title='bbox 1652 1404 1710 1449; x_wconf 73' lang='lat'>21.</span> 
     </span>
     <span class='ocr_line' id='line_1_26' title="bbox 209 1447 1658 1500; baseline 0.002 -17"><span class='ocrx_word' id='word_1_295' title='bbox 209 1447 246 1495; x_wconf 81' lang='lat' dir='ltr'>y)</span> <span class='ocrx_word' id='word_1_296' title='bbox 273 1450 344 1495; x_wconf 81' lang='lat' dir='ltr'><strong>adj.</strong></span> <span class='ocrx_word' id='word_1_297' title='bbox 373 1454 497 1485; x_wconf 79' lang='lat' dir='ltr'>Aecus.</span> <span class='ocrx_word' id='word_1_298' title='bbox 527 1453 743 1484; x_wconf 73' lang='lat' dir='ltr'>Praedicari:</span> <span class='ocrx_word' id='word_1_299' title='bbox 783 1461 874 1496; x_wconf 87' lang='lat' dir='ltr'>quos</span> <span class='ocrx_word' id='word_1_300' title='bbox 904 1451 1134 1498; x_wconf 77' lang='lat' dir='ltr'>gravissimos</span> <span class='ocrx_word' id='word_1_301' title='bbox 1171 1450 1366 1497; x_wconf 80' lang='lat' dir='ltr'>sapientiae</span> <span class='ocrx_word' id='word_1_302' title='bbox 1383 1451 1586 1500; x_wconf 47' lang='lat' dir='ltr'>,magistros</span> <span class='ocrx_word' id='word_1_303' title='bbox 1615 1462 1658 1487; x_wconf 85' lang='lat' dir='ltr'>ae</span> 
     </span>
     <span class='ocr_line' id='line_1_27' title="bbox 208 1496 1709 1546; baseline 0.001 -16"><span class='ocrx_word' id='word_1_304' title='bbox 208 1502 315 1531; x_wconf 86' lang='lat' dir='ltr'>vetus</span> <span class='ocrx_word' id='word_1_305' title='bbox 340 1496 492 1531; x_wconf 89' lang='lat' dir='ltr'>credidit</span> <span class='ocrx_word' id='word_1_306' title='bbox 515 1499 580 1541; x_wconf 88' lang='grc'>12,</span> <span class='ocrx_word' id='word_1_307' title='bbox 608 1500 625 1531; x_wconf 93' lang='grc'>1</span> <span class='ocrx_word' id='word_1_308' title='bbox 643 1524 653 1540; x_wconf 93' lang='grc'>,</span> <span class='ocrx_word' id='word_1_309' title='bbox 679 1497 736 1532; x_wconf 87' lang='grc'>36.</span> <span class='ocrx_word' id='word_1_310' title='bbox 779 1497 840 1542; x_wconf 84' lang='lat' dir='ltr'>qui</span> <span class='ocrx_word' id='word_1_311' title='bbox 870 1508 945 1532; x_wconf 89' lang='lat' dir='ltr'>non</span> <span class='ocrx_word' id='word_1_312' title='bbox 969 1499 1058 1532; x_wconf 86' lang='lat' dir='ltr'>alios</span> <span class='ocrx_word' id='word_1_313' title='bbox 1087 1498 1316 1533; x_wconf 84' lang='lat' dir='ltr'>crediderunt</span> <span class='ocrx_word' id='word_1_314' title='bbox 1338 1504 1485 1545; x_wconf 87' lang='lat' dir='ltr'>tropos,</span> <span class='ocrx_word' id='word_1_315' title='bbox 1518 1509 1624 1544; x_wconf 82' lang='lat' dir='ltr'>quam</span> <span class='ocrx_word' id='word_1_316' title='bbox 1647 1505 1709 1546; x_wconf 65' lang='lat' dir='ltr'><strong>qtc.</strong></span> 
     </span>
     <span class='ocr_line' id='line_1_28' title="bbox 209 1542 1690 1590; baseline -0.001 -12"><span class='ocrx_word' id='word_1_317' title='bbox 209 1544 253 1586; x_wconf 88' lang='grc'>8,</span> <span class='ocrx_word' id='word_1_318' title='bbox 278 1543 322 1586; x_wconf 92' lang='grc'>6,</span> <span class='ocrx_word' id='word_1_319' title='bbox 352 1545 387 1578; x_wconf 87' lang='grc'>3.</span> <span class='ocrx_word' id='word_1_320' title='bbox 439 1548 494 1578; x_wconf 86' lang='lat' dir='ltr'>est</span> <span class='ocrx_word' id='word_1_321' title='bbox 516 1544 572 1577; x_wconf 85' lang='lat' dir='ltr'>his</span> <span class='ocrx_word' id='word_1_322' title='bbox 601 1542 765 1588; x_wconf 72' lang='lat' dir='ltr'>(pravis)</span> <span class='ocrx_word' id='word_1_323' title='bbox 789 1543 931 1578; x_wconf 84' lang='lat' dir='ltr'>initium</span> <span class='ocrx_word' id='word_1_324' title='bbox 955 1555 1003 1579; x_wconf 80' lang='lat' dir='ltr'>ex</span> <span class='ocrx_word' id='word_1_325' title='bbox 1026 1543 1094 1588; x_wconf 89' lang='lat' dir='ltr'>iis,</span> <span class='ocrx_word' id='word_1_326' title='bbox 1127 1555 1220 1590; x_wconf 80' lang='lat' dir='ltr'>quae</span> <span class='ocrx_word' id='word_1_327' title='bbox 1236 1545 1395 1585; x_wconf 54' lang='lat' dir='ltr'>,credunt</span> <span class='ocrx_word' id='word_1_328' title='bbox 1417 1546 1511 1581; x_wconf 83' lang='lat' dir='ltr'>bona</span> <span class='ocrx_word' id='word_1_329' title='bbox 1535 1549 1595 1579; x_wconf 84' lang='lat' dir='ltr'>aut</span> <span class='ocrx_word' id='word_1_330' title='bbox 1617 1545 1690 1584; x_wconf 67' lang='lat' dir='ltr'>mal</span> 
     </span>
     <span class='ocr_line' id='line_1_29' title="bbox 209 1589 1654 1638; baseline 0.001 -15"><span class='ocrx_word' id='word_1_331' title='bbox 209 1589 253 1631; x_wconf 88' lang='lat'>5,</span> <span class='ocrx_word' id='word_1_332' title='bbox 286 1592 352 1632; x_wconf 93' lang='lat'>10,</span> <span class='ocrx_word' id='word_1_333' title='bbox 382 1589 439 1624; x_wconf 85' lang='lat'>34.</span> <span class='ocrx_word' id='word_1_334' title='bbox 487 1589 631 1634; x_wconf 85' lang='lat' dir='ltr'>quidam</span> <span class='ocrx_word' id='word_1_335' title='bbox 655 1601 734 1624; x_wconf 86' lang='lat' dir='ltr'>eam</span> <span class='ocrx_word' id='word_1_336' title='bbox 766 1589 967 1635; x_wconf 79' lang='lat' dir='ltr'>(literam),</span> <span class='ocrx_word' id='word_1_337' title='bbox 1004 1590 1169 1637; x_wconf 81' lang='lat' dir='ltr'>quotiens</span> <span class='ocrx_word' id='word_1_338' title='bbox 1194 1591 1236 1638; x_wconf 69' lang='lat' dir='ltr'>A⁴</span> <span class='ocrx_word' id='word_1_339' title='bbox 1252 1597 1439 1637; x_wconf 84' lang='lat' dir='ltr'>sequatur,</span> <span class='ocrx_word' id='word_1_340' title='bbox 1471 1589 1654 1630; x_wconf 77' lang='lat' dir='ltr'>necessari</span> 
     </span>
     <span class='ocr_line' id='line_1_30' title="bbox 209 1633 1706 1681; baseline 0.001 -13"><span class='ocrx_word' id='word_1_341' title='bbox 209 1637 362 1670; x_wconf 87' lang='lat' dir='ltr'>credunt</span> <span class='ocrx_word' id='word_1_342' title='bbox 387 1639 419 1679; x_wconf 92' lang='lat'>1,</span> <span class='ocrx_word' id='word_1_343' title='bbox 443 1639 478 1679; x_wconf 93' lang='lat'>7,</span> <span class='ocrx_word' id='word_1_344' title='bbox 505 1639 562 1670; x_wconf 91' lang='lat'>10.</span> <span class='ocrx_word' id='word_1_345' title='bbox 596 1637 811 1681; x_wconf 80' lang='lat' dir='ltr'>favorem</span> <span class='ocrx_word' id='word_1_346' title='bbox 835 1642 871 1671; x_wconf 88' lang='lat' dir='ltr'>et</span> <span class='ocrx_word' id='word_1_347' title='bbox 897 1637 1128 1672; x_wconf 84' lang='lat' dir='ltr'>urbanum</span> <span class='ocrx_word' id='word_1_348' title='bbox 1148 1636 1278 1672; x_wconf 87' lang='lat' dir='ltr'>Cicero</span> <span class='ocrx_word' id='word_1_349' title='bbox 1301 1649 1401 1674; x_wconf 82' lang='lat' dir='ltr'>nova</span> <span class='ocrx_word' id='word_1_350' title='bbox 1417 1633 1531 1673; x_wconf 84' lang='lat' dir='ltr'>credit</span> <span class='ocrx_word' id='word_1_351' title='bbox 1545 1637 1581 1680; x_wconf 91' lang='lat'>8,</span> <span class='ocrx_word' id='word_1_352' title='bbox 1598 1638 1634 1680; x_wconf 89' lang='grc'>3,</span> <span class='ocrx_word' id='word_1_353' title='bbox 1697 1661 1706 1670; x_wconf 92' lang='grc'>.</span> 
     </span>
     <span class='ocr_line' id='line_1_31' title="bbox 209 1676 1707 1728; baseline 0.001 -14"><span class='ocrx_word' id='word_1_354' title='bbox 209 1693 300 1725; x_wconf 81' lang='lat' dir='ltr'>quae</span> <span class='ocrx_word' id='word_1_355' title='bbox 328 1682 586 1726; x_wconf 86' lang='lat' dir='ltr'>abjectissimus</span> <span class='ocrx_word' id='word_1_356' title='bbox 609 1683 759 1727; x_wconf 79' lang='lat' dir='ltr'>quisque</span> <span class='ocrx_word' id='word_1_357' title='bbox 785 1682 923 1716; x_wconf 81' lang='lat' dir='ltr'>animus</span> <span class='ocrx_word' id='word_1_358' title='bbox 950 1683 1050 1717; x_wconf 85' lang='lat' dir='ltr'>utilia</span> <span class='ocrx_word' id='word_1_359' title='bbox 1075 1684 1190 1718; x_wconf 89' lang='lat' dir='ltr'>credit</span> <span class='ocrx_word' id='word_1_360' title='bbox 1214 1687 1270 1728; x_wconf 84' lang='lat'>11,</span> <span class='ocrx_word' id='word_1_361' title='bbox 1297 1684 1338 1728; x_wconf 91' lang='lat'>1,</span> <span class='ocrx_word' id='word_1_362' title='bbox 1364 1686 1420 1720; x_wconf 85' lang='grc'>13.</span> <span class='ocrx_word' id='word_1_363' title='bbox 1449 1683 1492 1726; x_wconf 85' lang='grc'>6,</span> <span class='ocrx_word' id='word_1_364' title='bbox 1515 1685 1560 1726; x_wconf 86' lang='grc'>2,</span> <span class='ocrx_word' id='word_1_365' title='bbox 1584 1683 1628 1724; x_wconf 87' lang='grc'>3;</span> <span class='ocrx_word' id='word_1_366' title='bbox 1654 1676 1707 1714; x_wconf 59' lang='lat' dir='ltr'>&#39;in</span> 
     </span>
     <span class='ocr_line' id='line_1_32' title="bbox 206 1727 1706 1774; baseline 0.001 -13"><span class='ocrx_word' id='word_1_367' title='bbox 206 1731 302 1763; x_wconf 75' lang='lat' dir='ltr'><strong>Pass.</strong></span> <span class='ocrx_word' id='word_1_368' title='bbox 329 1730 523 1763; x_wconf 76' lang='lat' dir='ltr'><strong>Nominat..·</strong></span> <span class='ocrx_word' id='word_1_369' title='bbox 561 1731 646 1762; x_wconf 87' lang='lat' dir='ltr'>dum</span> <span class='ocrx_word' id='word_1_370' title='bbox 670 1741 795 1773; x_wconf 87' lang='lat' dir='ltr'>parum</span> <span class='ocrx_word' id='word_1_371' title='bbox 823 1730 981 1763; x_wconf 83' lang='lat' dir='ltr'>creditur</span> <span class='ocrx_word' id='word_1_372' title='bbox 1010 1729 1202 1772; x_wconf 88' lang='lat' dir='ltr'>disertum,</span> <span class='ocrx_word' id='word_1_373' title='bbox 1241 1731 1336 1774; x_wconf 78' lang='lat' dir='ltr'>quod</span> <span class='ocrx_word' id='word_1_374' title='bbox 1367 1735 1403 1764; x_wconf 85' lang='lat' dir='ltr'>et</span> <span class='ocrx_word' id='word_1_375' title='bbox 1435 1728 1526 1763; x_wconf 80' lang='lat' dir='ltr'>alius</span> <span class='ocrx_word' id='word_1_376' title='bbox 1547 1727 1706 1762; x_wconf 79' lang='lat' dir='ltr'>-dixisset</span> 
     </span>
     <span class='ocr_line' id='line_1_33' title="bbox 205 1772 1665 1821; baseline -0.001 -13"><span class='ocrx_word' id='word_1_377' title='bbox 205 1775 250 1817; x_wconf 89' lang='lat'>8,</span> <span class='ocrx_word' id='word_1_378' title='bbox 279 1776 338 1809; x_wconf 88' lang='lat' dir='ltr'>Pr.</span> <span class='ocrx_word' id='word_1_379' title='bbox 366 1774 422 1810; x_wconf 82' lang='grc'>24.</span> <span class='ocrx_word' id='word_1_380' title='bbox 464 1787 639 1820; x_wconf 84' lang='lat' dir='ltr'>quaenam</span> <span class='ocrx_word' id='word_1_381' title='bbox 666 1775 774 1821; x_wconf 77' lang='lat' dir='ltr'>igitur</span> <span class='ocrx_word' id='word_1_382' title='bbox 796 1775 857 1809; x_wconf 84' lang='lat' dir='ltr'>illa</span> <span class='ocrx_word' id='word_1_383' title='bbox 882 1776 998 1810; x_wconf 87' lang='lat' dir='ltr'>forma</span> <span class='ocrx_word' id='word_1_384' title='bbox 1020 1777 1199 1810; x_wconf 84' lang='lat' dir='ltr'>credenda</span> <span class='ocrx_word' id='word_1_385' title='bbox 1222 1781 1277 1810; x_wconf 81' lang='lat' dir='ltr'>est</span> <span class='ocrx_word' id='word_1_386' title='bbox 1299 1777 1340 1819; x_wconf 89' lang='lat'>8,</span> <span class='ocrx_word' id='word_1_387' title='bbox 1363 1774 1406 1819; x_wconf 90' lang='lat'>4,</span> <span class='ocrx_word' id='word_1_388' title='bbox 1429 1777 1488 1808; x_wconf 80' lang='lat'>21.</span> <span class='ocrx_word' id='word_1_389' title='bbox 1523 1772 1665 1808; x_wconf 18' lang='lat' dir='ltr'>,difficili</span> 
     </span>
     <span class='ocr_line' id='line_1_34' title="bbox 206 1819 1644 1866; baseline 0.001 -12"><span class='ocrx_word' id='word_1_390' title='bbox 206 1832 350 1866; x_wconf 81' lang='lat' dir='ltr'>semper</span> <span class='ocrx_word' id='word_1_391' title='bbox 374 1828 428 1856; x_wconf 88' lang='lat' dir='ltr'>est</span> <span class='ocrx_word' id='word_1_392' title='bbox 453 1822 627 1855; x_wconf 87' lang='lat' dir='ltr'>creditum</span> <span class='ocrx_word' id='word_1_393' title='bbox 655 1822 850 1856; x_wconf 85' lang='lat' dir='ltr'>defendere</span> <span class='ocrx_word' id='word_1_394' title='bbox 875 1833 982 1866; x_wconf 71' lang='lat' dir='ltr'>«piam</span> <span class='ocrx_word' id='word_1_395' title='bbox 1005 1833 1175 1856; x_wconf 83' lang='lat' dir='ltr'>accusare</span> <span class='ocrx_word' id='word_1_396' title='bbox 1199 1823 1233 1865; x_wconf 85' lang='lat'>5,</span> <span class='ocrx_word' id='word_1_397' title='bbox 1259 1819 1318 1864; x_wconf 71' lang='grc'>13,</span> <span class='ocrx_word' id='word_1_398' title='bbox 1341 1824 1376 1855; x_wconf 90' lang='grc'>2.</span> <span class='ocrx_word' id='word_1_399' title='bbox 1407 1831 1514 1865; x_wconf 80' lang='lat' dir='ltr'>quam</span> <span class='ocrx_word' id='word_1_400' title='bbox 1537 1821 1644 1861; x_wconf 66' lang='lat' dir='ltr'>(sub-3¹</span> 
     </span>
     <span class='ocr_line' id='line_1_35' title="bbox 204 1865 1704 1915; baseline 0.001 -16"><span class='ocrx_word' id='word_1_401' title='bbox 204 1867 303 1911; x_wconf 75' lang='lat' dir='ltr'>tiam)</span> <span class='ocrx_word' id='word_1_402' title='bbox 330 1868 406 1902; x_wconf 85' lang='lat' dir='ltr'>scio</span> <span class='ocrx_word' id='word_1_403' title='bbox 428 1870 496 1903; x_wconf 82' lang='lat' dir='ltr'>vix</span> <span class='ocrx_word' id='word_1_404' title='bbox 524 1868 623 1902; x_wconf 88' lang='lat' dir='ltr'>credi</span> <span class='ocrx_word' id='word_1_405' title='bbox 651 1878 759 1912; x_wconf 81' lang='lat' dir='ltr'>posse</span> <span class='ocrx_word' id='word_1_406' title='bbox 783 1873 917 1901; x_wconf 76' lang='lat' dir='ltr'>tantam</span> <span class='ocrx_word' id='word_1_407' title='bbox 940 1868 988 1910; x_wconf 88' lang='lat'>6,</span> <span class='ocrx_word' id='word_1_408' title='bbox 1017 1869 1074 1902; x_wconf 88' lang='lat' dir='ltr'><strong>Pr.</strong></span> <span class='ocrx_word' id='word_1_409' title='bbox 1100 1871 1135 1902; x_wconf 93' lang='lat'>7.</span> <span class='ocrx_word' id='word_1_410' title='bbox 1171 1867 1273 1915; x_wconf 84' lang='lat' dir='ltr'>origo</span> <span class='ocrx_word' id='word_1_411' title='bbox 1298 1866 1406 1902; x_wconf 84' lang='lat' dir='ltr'>animi</span> <span class='ocrx_word' id='word_1_412' title='bbox 1433 1865 1602 1901; x_wconf 73' lang='lat' dir='ltr'>coelestis</span> <span class='ocrx_word' id='word_1_413' title='bbox 1625 1876 1704 1901; x_wconf 85' lang='lat' dir='ltr'>cre-</span> 
     </span>
     <span class='ocr_line' id='line_1_36' title="bbox 205 1911 1704 1958; baseline 0 -12"><span class='ocrx_word' id='word_1_414' title='bbox 205 1913 301 1947; x_wconf 81' lang='lat' dir='ltr'>ditur</span> <span class='ocrx_word' id='word_1_415' title='bbox 321 1917 352 1957; x_wconf 89' lang='lat'>1,</span> <span class='ocrx_word' id='word_1_416' title='bbox 370 1917 404 1957; x_wconf 93' lang='lat'>1,</span> <span class='ocrx_word' id='word_1_417' title='bbox 424 1917 456 1948; x_wconf 93' lang='lat'>1.</span> <span class='ocrx_word' id='word_1_418' title='bbox 492 1914 577 1957; x_wconf 83' lang='lat' dir='ltr'>quid</span> <span class='ocrx_word' id='word_1_419' title='bbox 601 1914 652 1948; x_wconf 86' lang='lat' dir='ltr'>ita</span> <span class='ocrx_word' id='word_1_420' title='bbox 676 1915 886 1948; x_wconf 74' lang='lat' dir='ltr'>crederetur</span> <span class='ocrx_word' id='word_1_421' title='bbox 910 1912 1050 1957; x_wconf 88' lang='lat' dir='ltr'>Cupido</span> <span class='ocrx_word' id='word_1_422' title='bbox 1073 1913 1186 1958; x_wconf 78' lang='lat' dir='ltr'>puer?</span> <span class='ocrx_word' id='word_1_423' title='bbox 1213 1916 1248 1957; x_wconf 88' lang='grc'>2,</span> <span class='ocrx_word' id='word_1_424' title='bbox 1274 1912 1310 1956; x_wconf 85' lang='grc'>4,</span> <span class='ocrx_word' id='word_1_425' title='bbox 1335 1914 1393 1948; x_wconf 85' lang='grc'>26.</span> <span class='ocrx_word' id='word_1_426' title='bbox 1415 1912 1560 1947; x_wconf 84' lang='lat' dir='ltr'>Phidias</span> <span class='ocrx_word' id='word_1_427' title='bbox 1577 1911 1704 1947; x_wconf 77' lang='lat' dir='ltr'>melior</span> 
     </span>
     <span class='ocr_line' id='line_1_37' title="bbox 204 1958 1670 2005; baseline -0.001 -12"><span class='ocrx_word' id='word_1_428' title='bbox 204 1959 337 1994; x_wconf 81' lang='lat' dir='ltr'>artifex</span> <span class='ocrx_word' id='word_1_429' title='bbox 361 1959 519 1994; x_wconf 86' lang='lat' dir='ltr'>creditur</span> <span class='ocrx_word' id='word_1_430' title='bbox 547 1960 594 2003; x_wconf 86' lang='lat' dir='ltr'>(a.</span> <span class='ocrx_word' id='word_1_431' title='bbox 621 1964 644 1994; x_wconf 77' lang='lat'>2.</span> <span class='ocrx_word' id='word_1_432' title='bbox 669 1958 838 2004; x_wconf 81' lang='lat' dir='ltr'>traditur)</span> <span class='ocrx_word' id='word_1_433' title='bbox 868 1961 934 2003; x_wconf 87' lang='lat'>12,</span> <span class='ocrx_word' id='word_1_434' title='bbox 963 1961 1025 2003; x_wconf 83' lang='lat'>10,</span> <span class='ocrx_word' id='word_1_435' title='bbox 1049 1960 1085 1995; x_wconf 86' lang='lat'>9.</span> <span class='ocrx_word' id='word_1_436' title='bbox 1120 1961 1161 1994; x_wconf 80' lang='lat' dir='ltr'>ut</span> <span class='ocrx_word' id='word_1_437' title='bbox 1186 1960 1314 1994; x_wconf 85' lang='lat' dir='ltr'>fraude</span> <span class='ocrx_word' id='word_1_438' title='bbox 1338 1959 1540 2005; x_wconf 74' lang='lat' dir='ltr'>aliquorum</span> <span class='ocrx_word' id='word_1_439' title='bbox 1555 1958 1670 1993; x_wconf 81' lang='lat' dir='ltr'>&#39;conci</span> 
     </span>
     <span class='ocr_line' id='line_1_38' title="bbox 202 2003 1702 2050; baseline 0 -11"><span class='ocrx_word' id='word_1_440' title='bbox 202 2004 359 2050; x_wconf 73' lang='lat' dir='ltr'>(mater)</span> <span class='ocrx_word' id='word_1_441' title='bbox 390 2007 558 2041; x_wconf 87' lang='lat' dir='ltr'>credatur</span> <span class='ocrx_word' id='word_1_442' title='bbox 584 2008 648 2049; x_wconf 88' lang='lat'>11,</span> <span class='ocrx_word' id='word_1_443' title='bbox 675 2009 693 2039; x_wconf 94' lang='lat'><strong>1</strong></span> <span class='ocrx_word' id='word_1_444' title='bbox 708 2032 718 2049; x_wconf 94' lang='lat'>,</span> <span class='ocrx_word' id='word_1_445' title='bbox 746 2006 805 2041; x_wconf 86' lang='lat'>65.</span> <span class='ocrx_word' id='word_1_446' title='bbox 843 2005 974 2040; x_wconf 89' lang='lat' dir='ltr'>meruit</span> <span class='ocrx_word' id='word_1_447' title='bbox 1001 2005 1101 2039; x_wconf 89' lang='lat' dir='ltr'>credi</span> <span class='ocrx_word' id='word_1_448' title='bbox 1127 2007 1306 2041; x_wconf 84' lang='lat' dir='ltr'>secundus</span> <span class='ocrx_word' id='word_1_449' title='bbox 1342 2005 1397 2050; x_wconf 83' lang='lat' dir='ltr'>(a.</span> <span class='ocrx_word' id='word_1_450' title='bbox 1421 2009 1444 2040; x_wconf 89' lang='lat'>1.</span> <span class='ocrx_word' id='word_1_451' title='bbox 1470 2009 1572 2039; x_wconf 83' lang='lat' dir='ltr'>inser.</span> <span class='ocrx_word' id='word_1_452' title='bbox 1600 2003 1702 2048; x_wconf 75' lang='lat' dir='ltr'>esse)</span> 
     </span>
     <span class='ocr_line' id='line_1_39' title="bbox 204 2050 1702 2099; baseline -0.002 -12"><span class='ocrx_word' id='word_1_453' title='bbox 204 2054 261 2095; x_wconf 88' lang='lat'>10,</span> <span class='ocrx_word' id='word_1_454' title='bbox 287 2055 320 2096; x_wconf 92' lang='lat'>1,</span> <span class='ocrx_word' id='word_1_455' title='bbox 344 2055 403 2088; x_wconf 88' lang='grc'>72.</span> <span class='ocrx_word' id='word_1_456' title='bbox 449 2050 483 2096; x_wconf 83' lang='grc' dir='ltr'>δ)</span> <span class='ocrx_word' id='word_1_457' title='bbox 507 2065 574 2098; x_wconf 78' lang='lat' dir='ltr'>seq.</span> <span class='ocrx_word' id='word_1_458' title='bbox 597 2055 724 2088; x_wconf 79' lang='lat' dir='ltr'>Aecus.</span> <span class='ocrx_word' id='word_1_459' title='bbox 746 2065 774 2086; x_wconf 88' lang='lat' dir='ltr'>c.</span> <span class='ocrx_word' id='word_1_460' title='bbox 801 2051 869 2094; x_wconf 60' lang='lat' dir='ltr'><strong><em>Ins:</em></strong></span> <span class='ocrx_word' id='word_1_461' title='bbox 884 2066 894 2086; x_wconf 86' lang='grc'>.-</span> <span class='ocrx_word' id='word_1_462' title='bbox 923 2053 1002 2099; x_wconf 87' lang='lat' dir='ltr'>Ego</span> <span class='ocrx_word' id='word_1_463' title='bbox 1024 2063 1115 2087; x_wconf 86' lang='lat' dir='ltr'>vero</span> <span class='ocrx_word' id='word_1_464' title='bbox 1138 2054 1229 2087; x_wconf 89' lang='lat' dir='ltr'>haec</span> <span class='ocrx_word' id='word_1_465' title='bbox 1250 2051 1387 2086; x_wconf 87' lang='lat' dir='ltr'>lumina</span> <span class='ocrx_word' id='word_1_466' title='bbox 1409 2051 1583 2089; x_wconf 74' lang='lat' dir='ltr'>orationis</span> <span class='ocrx_word' id='word_1_467' title='bbox 1605 2052 1702 2089; x_wconf 72' lang='lat' dir='ltr'>velun</span> 
     </span>
     <span class='ocr_line' id='line_1_40' title="bbox 202 2095 1701 2143; baseline -0.001 -10"><span class='ocrx_word' id='word_1_468' title='bbox 202 2100 329 2133; x_wconf 85' lang='lat' dir='ltr'>oculos</span> <span class='ocrx_word' id='word_1_469' title='bbox 356 2099 528 2143; x_wconf 83' lang='lat' dir='ltr'>quosdam</span> <span class='ocrx_word' id='word_1_470' title='bbox 553 2110 633 2133; x_wconf 90' lang='lat' dir='ltr'>esse</span> <span class='ocrx_word' id='word_1_471' title='bbox 660 2098 886 2143; x_wconf 76' lang='lat' dir='ltr'>eloquentiae</span> <span class='ocrx_word' id='word_1_472' title='bbox 909 2100 1019 2133; x_wconf 88' lang='lat' dir='ltr'>credo</span> <span class='ocrx_word' id='word_1_473' title='bbox 1044 2099 1079 2142; x_wconf 83' lang='lat'>8,</span> <span class='ocrx_word' id='word_1_474' title='bbox 1105 2098 1140 2143; x_wconf 88' lang='lat'>5,</span> <span class='ocrx_word' id='word_1_475' title='bbox 1164 2098 1222 2134; x_wconf 86' lang='lat'>34.</span> <span class='ocrx_word' id='word_1_476' title='bbox 1255 2097 1302 2141; x_wconf 77' lang='lat' dir='ltr'>cs·</span> <span class='ocrx_word' id='word_1_477' title='bbox 1326 2101 1369 2143; x_wconf 84' lang='lat'>2,</span> <span class='ocrx_word' id='word_1_478' title='bbox 1395 2100 1440 2142; x_wconf 89' lang='lat'>1,</span> <span class='ocrx_word' id='word_1_479' title='bbox 1464 2101 1500 2133; x_wconf 89' lang='lat'>7.</span> <span class='ocrx_word' id='word_1_480' title='bbox 1523 2100 1582 2142; x_wconf 86' lang='lat'>10,</span> <span class='ocrx_word' id='word_1_481' title='bbox 1607 2095 1701 2138; x_wconf 59' lang='lat' dir='ltr'>5,AE</span> 
     </span>
     <span class='ocr_line' id='line_1_41' title="bbox 201 2142 1700 2190; baseline 0 -12"><span class='ocrx_word' id='word_1_482' title='bbox 201 2146 396 2179; x_wconf 81' lang='lat' dir='ltr'>tradendos</span> <span class='ocrx_word' id='word_1_483' title='bbox 420 2144 704 2179; x_wconf 85' lang='lat' dir='ltr'>eminentissimo</span> <span class='ocrx_word' id='word_1_484' title='bbox 730 2146 880 2180; x_wconf 90' lang='lat' dir='ltr'>credunt</span> <span class='ocrx_word' id='word_1_485' title='bbox 903 2143 1060 2189; x_wconf 77' lang='lat' dir='ltr'>(pueros)</span> <span class='ocrx_word' id='word_1_486' title='bbox 1087 2148 1128 2188; x_wconf 81' lang='lat'><strong>2„</strong></span> <span class='ocrx_word' id='word_1_487' title='bbox 1148 2147 1183 2188; x_wconf 87' lang='lat'>3,</span> <span class='ocrx_word' id='word_1_488' title='bbox 1207 2147 1240 2180; x_wconf 89' lang='lat'>1.</span> <span class='ocrx_word' id='word_1_489' title='bbox 1270 2156 1379 2190; x_wconf 80' lang='lat' dir='ltr'>quem</span> <span class='ocrx_word' id='word_1_490' title='bbox 1397 2142 1492 2178; x_wconf 83' lang='lat' dir='ltr'>ultra</span> <span class='ocrx_word' id='word_1_491' title='bbox 1507 2155 1586 2179; x_wconf 85' lang='lat' dir='ltr'>esse</span> <span class='ocrx_word' id='word_1_492' title='bbox 1601 2154 1700 2185; x_wconf 70' lang='lat' dir='ltr'>usum</span> 
     </span>
     <span class='ocr_line' id='line_1_42' title="bbox 201 2190 1683 2236; baseline -0.001 -11"><span class='ocrx_word' id='word_1_493' title='bbox 201 2191 274 2226; x_wconf 86' lang='lat' dir='ltr'>mei</span> <span class='ocrx_word' id='word_1_494' title='bbox 304 2191 478 2226; x_wconf 78' lang='lat' dir='ltr'>credam?</span> <span class='ocrx_word' id='word_1_495' title='bbox 510 2192 552 2235; x_wconf 89' lang='grc'><strong>6,</strong></span> <span class='ocrx_word' id='word_1_496' title='bbox 588 2193 646 2226; x_wconf 88' lang='lat' dir='ltr'><strong>Pr.</strong></span> <span class='ocrx_word' id='word_1_497' title='bbox 672 2193 706 2226; x_wconf 85' lang='lat'>3.</span> <span class='ocrx_word' id='word_1_498' title='bbox 742 2191 783 2225; x_wconf 88' lang='lat' dir='ltr'>in</span> <span class='ocrx_word' id='word_1_499' title='bbox 805 2190 1047 2226; x_wconf 86' lang='lat' dir='ltr'>mediocribus</span> <span class='ocrx_word' id='word_1_500' title='bbox 1074 2190 1236 2236; x_wconf 81' lang='lat' dir='ltr'>utrisque</span> <span class='ocrx_word' id='word_1_501' title='bbox 1266 2191 1383 2236; x_wconf 82' lang='lat' dir='ltr'>majus</span> <span class='ocrx_word' id='word_1_502' title='bbox 1414 2191 1531 2226; x_wconf 78' lang='lat' dir='ltr'>adhuc</span> <span class='ocrx_word' id='word_1_503' title='bbox 1556 2194 1683 2224; x_wconf 84' lang='lat' dir='ltr'>natura</span> 
     </span>
     <span class='ocr_line' id='line_1_43' title="bbox 201 2235 1699 2283; baseline -0.002 -11"><span class='ocrx_word' id='word_1_504' title='bbox 201 2239 346 2272; x_wconf 87' lang='lat' dir='ltr'>credam</span> <span class='ocrx_word' id='word_1_505' title='bbox 374 2249 455 2272; x_wconf 86' lang='lat' dir='ltr'>esse</span> <span class='ocrx_word' id='word_1_506' title='bbox 485 2243 705 2272; x_wconf 77' lang='lat' dir='ltr'>momentum</span> <span class='ocrx_word' id='word_1_507' title='bbox 729 2241 773 2280; x_wconf 86' lang='lat'>2,</span> <span class='ocrx_word' id='word_1_508' title='bbox 800 2239 863 2282; x_wconf 88' lang='grc'>19,</span> <span class='ocrx_word' id='word_1_509' title='bbox 887 2241 922 2272; x_wconf 91' lang='grc'>2.</span> <span class='ocrx_word' id='word_1_510' title='bbox 961 2249 1025 2272; x_wconf 89' lang='lat' dir='ltr'>cur</span> <span class='ocrx_word' id='word_1_511' title='bbox 1048 2248 1123 2272; x_wconf 88' lang='lat' dir='ltr'>non</span> <span class='ocrx_word' id='word_1_512' title='bbox 1148 2243 1220 2272; x_wconf 88' lang='lat' dir='ltr'>tam</span> <span class='ocrx_word' id='word_1_513' title='bbox 1243 2236 1281 2271; x_wconf 89' lang='lat' dir='ltr'>in</span> <span class='ocrx_word' id='word_1_514' title='bbox 1304 2235 1511 2283; x_wconf 76' lang='lat' dir='ltr'>eloquentia</span> <span class='ocrx_word' id='word_1_515' title='bbox 1537 2235 1699 2280; x_wconf 76' lang='lat' dir='ltr'>quamjn</span> 
     </span>
     <span class='ocr_line' id='line_1_44' title="bbox 198 2281 1698 2329; baseline -0.001 -12"><span class='ocrx_word' id='word_1_516' title='bbox 198 2284 339 2319; x_wconf 79' lang='lat' dir='ltr'>ratione</span> <span class='ocrx_word' id='word_1_517' title='bbox 363 2284 533 2319; x_wconf 87' lang='lat' dir='ltr'>virtutem</span> <span class='ocrx_word' id='word_1_518' title='bbox 561 2285 637 2329; x_wconf 85' lang='lat' dir='ltr'>ejus</span> <span class='ocrx_word' id='word_1_519' title='bbox 665 2283 839 2329; x_wconf 77' lang='lat' dir='ltr'>(hominis)</span> <span class='ocrx_word' id='word_1_520' title='bbox 866 2295 947 2318; x_wconf 92' lang='lat' dir='ltr'>esse</span> <span class='ocrx_word' id='word_1_521' title='bbox 969 2285 1156 2318; x_wconf 79' lang='lat' dir='ltr'>credamus</span> <span class='ocrx_word' id='word_1_522' title='bbox 1180 2287 1224 2324; x_wconf 90' lang='lat'>2,</span> <span class='ocrx_word' id='word_1_523' title='bbox 1247 2285 1314 2326; x_wconf 91' lang='grc'><strong>20,</strong></span> <span class='ocrx_word' id='word_1_524' title='bbox 1337 2284 1374 2318; x_wconf 86' lang='grc'>9.</span> <span class='ocrx_word' id='word_1_525' title='bbox 1409 2281 1518 2316; x_wconf 89' lang='lat' dir='ltr'>nobis</span> <span class='ocrx_word' id='word_1_526' title='bbox 1541 2293 1590 2316; x_wconf 90' lang='lat' dir='ltr'>ea·</span> <span class='ocrx_word' id='word_1_527' title='bbox 1607 2281 1698 2321; x_wconf 82' lang='lat' dir='ltr'>acci-</span> 
     </span>
     <span class='ocr_line' id='line_1_45' title="bbox 201 2325 1698 2376; baseline -0.001 -13"><span class='ocrx_word' id='word_1_528' title='bbox 201 2330 296 2364; x_wconf 88' lang='lat' dir='ltr'>disse</span> <span class='ocrx_word' id='word_1_529' title='bbox 322 2332 563 2364; x_wconf 88' lang='lat' dir='ltr'>credamus</span> <span class='ocrx_word' id='word_1_530' title='bbox 591 2337 663 2376; x_wconf 81' lang='lat' dir='ltr'><strong>atq.</strong></span> <span class='ocrx_word' id='word_1_531' title='bbox 686 2330 805 2365; x_wconf 82' lang='lat' dir='ltr'>animo</span> <span class='ocrx_word' id='word_1_532' title='bbox 829 2336 954 2364; x_wconf 87' lang='lat' dir='ltr'>nostro</span> <span class='ocrx_word' id='word_1_533' title='bbox 982 2330 1347 2374; x_wconf 77' lang='lat' dir='ltr'>persuadeamus</span> <span class='ocrx_word' id='word_1_534' title='bbox 1373 2329 1416 2371; x_wconf 90' lang='grc'><strong>6,</strong></span> <span class='ocrx_word' id='word_1_535' title='bbox 1438 2331 1482 2368; x_wconf 77' lang='grc'>2,</span> <span class='ocrx_word' id='word_1_536' title='bbox 1507 2325 1583 2366; x_wconf 55' lang='grc'><strong>34.</strong></span> <span class='ocrx_word' id='word_1_537' title='bbox 1625 2328 1698 2371; x_wconf 62' lang='lat' dir='ltr'>Ros</span> 
     </span>
     <span class='ocr_line' id='line_1_46' title="bbox 200 2373 1697 2422; baseline 0 -14"><span class='ocrx_word' id='word_1_538' title='bbox 200 2381 390 2420; x_wconf 75' lang='lat' dir='ltr'>utrumque</span> <span class='ocrx_word' id='word_1_539' title='bbox 425 2373 668 2422; x_wconf 76' lang='grc' dir='ltr'><em>παράδειγμα</em></span> <span class='ocrx_word' id='word_1_540' title='bbox 706 2388 786 2411; x_wconf 87' lang='lat' dir='ltr'>esse</span> <span class='ocrx_word' id='word_1_541' title='bbox 814 2377 1075 2419; x_wconf 86' lang='lat' dir='ltr'>credamus,</span> <span class='ocrx_word' id='word_1_542' title='bbox 1112 2381 1149 2410; x_wconf 87' lang='lat' dir='ltr'>et</span> <span class='ocrx_word' id='word_1_543' title='bbox 1172 2373 1242 2420; x_wconf 89' lang='lat' dir='ltr'>ipsi</span> <span class='ocrx_word' id='word_1_544' title='bbox 1267 2375 1551 2421; x_wconf 78' lang='lat' dir='ltr'>appellemus</span> <span class='ocrx_word' id='word_1_545' title='bbox 1578 2381 1697 2417; x_wconf 57' lang='lat' dir='ltr'>exenb&#39;</span> 
     </span>
     <span class='ocr_line' id='line_1_47' title="bbox 202 2420 1696 2466; baseline 0 -12"><span class='ocrx_word' id='word_1_546' title='bbox 202 2422 300 2465; x_wconf 90' lang='lat' dir='ltr'>plum</span> <span class='ocrx_word' id='word_1_547' title='bbox 325 2423 358 2465; x_wconf 88' lang='lat'>5,</span> <span class='ocrx_word' id='word_1_548' title='bbox 386 2425 442 2464; x_wconf 91' lang='lat'>11,</span> <span class='ocrx_word' id='word_1_549' title='bbox 468 2426 503 2456; x_wconf 88' lang='lat'>2.</span> <span class='ocrx_word' id='word_1_550' title='bbox 529 2429 569 2456; x_wconf 90' lang='lat' dir='ltr'>ut</span> <span class='ocrx_word' id='word_1_551' title='bbox 591 2434 633 2456; x_wconf 89' lang='lat' dir='ltr'>ea</span> <span class='ocrx_word' id='word_1_552' title='bbox 657 2425 750 2458; x_wconf 85' lang='lat' dir='ltr'>ultra</span> <span class='ocrx_word' id='word_1_553' title='bbox 772 2422 900 2458; x_wconf 81' lang='lat' dir='ltr'>venire</span> <span class='ocrx_word' id='word_1_554' title='bbox 922 2421 961 2456; x_wconf 83' lang='lat' dir='ltr'>&#39;m</span> <span class='ocrx_word' id='word_1_555' title='bbox 983 2433 1111 2456; x_wconf 83' lang='lat' dir='ltr'>manus</span> <span class='ocrx_word' id='word_1_556' title='bbox 1133 2421 1258 2455; x_wconf 89' lang='lat' dir='ltr'>credas</span> <span class='ocrx_word' id='word_1_557' title='bbox 1275 2422 1332 2465; x_wconf 92' lang='lat'>10,</span> <span class='ocrx_word' id='word_1_558' title='bbox 1351 2425 1387 2464; x_wconf 91' lang='lat'>7,</span> <span class='ocrx_word' id='word_1_559' title='bbox 1414 2423 1469 2456; x_wconf 91' lang='lat'>11.</span> <span class='ocrx_word' id='word_1_560' title='bbox 1498 2422 1555 2464; x_wconf 88' lang='grc'>10,</span> <span class='ocrx_word' id='word_1_561' title='bbox 1572 2423 1606 2464; x_wconf 90' lang='grc'>1,</span> <span class='ocrx_word' id='word_1_562' title='bbox 1624 2420 1696 2466; x_wconf 60' lang='grc' dir='ltr'>ΙᾌΩΙ</span> 
     </span>
     <span class='ocr_line' id='line_1_48' title="bbox 203 2466 1597 2512; baseline 0.001 -12"><span class='ocrx_word' id='word_1_563' title='bbox 203 2467 332 2501; x_wconf 83' lang='lat' dir='ltr'>melius</span> <span class='ocrx_word' id='word_1_564' title='bbox 366 2469 409 2501; x_wconf 90' lang='lat' dir='ltr'>de</span> <span class='ocrx_word' id='word_1_565' title='bbox 442 2468 514 2502; x_wconf 89' lang='lat' dir='ltr'>hoc</span> <span class='ocrx_word' id='word_1_566' title='bbox 543 2469 689 2503; x_wconf 87' lang='lat' dir='ltr'>nomine</span> <span class='ocrx_word' id='word_1_567' title='bbox 723 2468 958 2511; x_wconf 83' lang='lat' dir='ltr'>sentiant,</span> <span class='ocrx_word' id='word_1_568' title='bbox 996 2467 1297 2512; x_wconf 83' lang='lat' dir='ltr'>credantque,</span> <span class='ocrx_word' id='word_1_569' title='bbox 1330 2466 1452 2502; x_wconf 84' lang='lat' dir='ltr'>Attice</span> <span class='ocrx_word' id='word_1_570' title='bbox 1477 2466 1597 2502; x_wconf 83' lang='lat' dir='ltr'>dicere</span> 
     </span>
     <span class='ocr_line' id='line_1_49' title="bbox 202 2508 1695 2559; baseline -0.001 -12"><span class='ocrx_word' id='word_1_571' title='bbox 202 2512 336 2556; x_wconf 85' lang='lat' dir='ltr'>optime</span> <span class='ocrx_word' id='word_1_572' title='bbox 362 2513 481 2547; x_wconf 86' lang='lat' dir='ltr'>dicere</span> <span class='ocrx_word' id='word_1_573' title='bbox 507 2517 575 2556; x_wconf 85' lang='lat'>12,</span> <span class='ocrx_word' id='word_1_574' title='bbox 606 2517 672 2558; x_wconf 92' lang='lat'>10,</span> <span class='ocrx_word' id='word_1_575' title='bbox 701 2515 760 2549; x_wconf 90' lang='grc'>26.</span> <span class='ocrx_word' id='word_1_576' title='bbox 801 2525 906 2559; x_wconf 87' lang='lat' dir='ltr'>quem</span> <span class='ocrx_word' id='word_1_577' title='bbox 931 2514 1028 2550; x_wconf 75' lang='lat' dir='ltr'>velle</span> <span class='ocrx_word' id='word_1_578' title='bbox 1056 2513 1189 2557; x_wconf 83' lang='lat' dir='ltr'>optima</span> <span class='ocrx_word' id='word_1_579' title='bbox 1213 2514 1431 2547; x_wconf 81' lang='lat' dir='ltr'>crederes</span> <span class='ocrx_word' id='word_1_580' title='bbox 1455 2513 1522 2556; x_wconf 87' lang='lat'>10,</span> <span class='ocrx_word' id='word_1_581' title='bbox 1548 2515 1593 2555; x_wconf 90' lang='lat'>1,</span> <span class='ocrx_word' id='word_1_582' title='bbox 1620 2508 1695 2556; x_wconf 54' lang='lat'>139⁶</span> 
     </span>
     <span class='ocr_line' id='line_1_50' title="bbox 202 2558 1695 2608; baseline 0 -16"><span class='ocrx_word' id='word_1_583' title='bbox 202 2558 249 2600; x_wconf 85' lang='lat' dir='ltr'>cs.</span> <span class='ocrx_word' id='word_1_584' title='bbox 278 2561 334 2602; x_wconf 85' lang='lat'>11,</span> <span class='ocrx_word' id='word_1_585' title='bbox 361 2561 394 2602; x_wconf 92' lang='lat'>1,</span> <span class='ocrx_word' id='word_1_586' title='bbox 421 2561 479 2593; x_wconf 88' lang='lat'>70.</span> <span class='ocrx_word' id='word_1_587' title='bbox 526 2559 611 2604; x_wconf 82' lang='lat' dir='ltr'><strong>Atq.</strong></span> <span class='ocrx_word' id='word_1_588' title='bbox 638 2572 706 2608; x_wconf 80' lang='lat' dir='ltr'>ego</span> <span class='ocrx_word' id='word_1_589' title='bbox 729 2559 782 2594; x_wconf 89' lang='lat' dir='ltr'>illi</span> <span class='ocrx_word' id='word_1_590' title='bbox 805 2559 1053 2604; x_wconf 88' lang='lat' dir='ltr'>praeceptori,</span> <span class='ocrx_word' id='word_1_591' title='bbox 1080 2571 1186 2603; x_wconf 87' lang='lat' dir='ltr'>quem</span> <span class='ocrx_word' id='word_1_592' title='bbox 1208 2559 1438 2592; x_wconf 83' lang='lat' dir='ltr'>instituebam</span> <span class='ocrx_word' id='word_1_593' title='bbox 1458 2558 1497 2592; x_wconf 87' lang='lat' dir='ltr'>in</span> <span class='ocrx_word' id='word_1_594' title='bbox 1523 2558 1618 2592; x_wconf 89' lang='lat' dir='ltr'>libro</span> <span class='ocrx_word' id='word_1_595' title='bbox 1642 2561 1695 2603; x_wconf 53' lang='grc' dir='ltr'>ξά-</span> 
     </span>
     <span class='ocr_line' id='line_1_51' title="bbox 201 2604 1614 2648; baseline -0.001 -9"><span class='ocrx_word' id='word_1_596' title='bbox 201 2605 321 2639; x_wconf 88' lang='lat' dir='ltr'>cundo</span> <span class='ocrx_word' id='word_1_597' title='bbox 337 2630 347 2647; x_wconf 94' lang='lat'>‚</span> <span class='ocrx_word' id='word_1_598' title='bbox 374 2604 511 2638; x_wconf 83' lang='lat' dir='ltr'>credidi</span> <span class='ocrx_word' id='word_1_599' title='bbox 537 2604 595 2648; x_wconf 84' lang='lat' dir='ltr'>(a.</span> <span class='ocrx_word' id='word_1_600' title='bbox 623 2610 645 2639; x_wconf 79' lang='lat'>1.</span> <span class='ocrx_word' id='word_1_601' title='bbox 675 2605 827 2648; x_wconf 82' lang='lat' dir='ltr'>tradidi)</span> <span class='ocrx_word' id='word_1_602' title='bbox 852 2615 927 2639; x_wconf 90' lang='lat' dir='ltr'>non</span> <span class='ocrx_word' id='word_1_603' title='bbox 951 2616 994 2639; x_wconf 84' lang='lat' dir='ltr'>ea</span> <span class='ocrx_word' id='word_1_604' title='bbox 1018 2605 1095 2639; x_wconf 87' lang='lat' dir='ltr'>sola</span> <span class='ocrx_word' id='word_1_605' title='bbox 1121 2606 1284 2639; x_wconf 86' lang='lat' dir='ltr'>docenda</span> <span class='ocrx_word' id='word_1_606' title='bbox 1307 2615 1406 2645; x_wconf 80' lang='lat' dir='ltr'>esse,</span> <span class='ocrx_word' id='word_1_607' title='bbox 1435 2614 1527 2648; x_wconf 79' lang='lat' dir='ltr'>quae</span> <span class='ocrx_word' id='word_1_608' title='bbox 1551 2611 1614 2638; x_wconf 76' lang='lat' dir='ltr'>etc.</span> 
     </span>
     <span class='ocr_line' id='line_1_52' title="bbox 199 2648 1571 2698; baseline -0.001 -13"><span class='ocrx_word' id='word_1_609' title='bbox 199 2653 235 2694; x_wconf 89' lang='lat'>2,</span> <span class='ocrx_word' id='word_1_610' title='bbox 261 2653 320 2684; x_wconf 89' lang='lat'>20.</span> <span class='ocrx_word' id='word_1_611' title='bbox 351 2661 425 2684; x_wconf 89' lang='lat' dir='ltr'>non</span> <span class='ocrx_word' id='word_1_612' title='bbox 449 2651 655 2698; x_wconf 83' lang='lat' dir='ltr'>maligne</span> <span class='ocrx_word' id='word_1_613' title='bbox 681 2651 920 2694; x_wconf 85' lang='lat' dir='ltr'>crediderim,</span> <span class='ocrx_word' id='word_1_614' title='bbox 951 2650 1108 2685; x_wconf 88' lang='lat' dir='ltr'>defuisse</span> <span class='ocrx_word' id='word_1_615' title='bbox 1132 2651 1168 2686; x_wconf 91' lang='lat' dir='ltr'>ei</span> <span class='ocrx_word' id='word_1_616' title='bbox 1191 2662 1363 2685; x_wconf 84' lang='lat' dir='ltr'>summam</span> <span class='ocrx_word' id='word_1_617' title='bbox 1384 2648 1500 2693; x_wconf 82' lang='lat' dir='ltr'>inam,</span> <span class='ocrx_word' id='word_1_618' title='bbox 1527 2650 1571 2683; x_wconf 87' lang='lat' dir='ltr'>ad</span> 
     </span>
     <span class='ocr_line' id='line_1_53' title="bbox 198 2693 1693 2741; baseline -0.002 -9"><span class='ocrx_word' id='word_1_619' title='bbox 198 2707 307 2732; x_wconf 84' lang='lat' dir='ltr'>nemo</span> <span class='ocrx_word' id='word_1_620' title='bbox 330 2696 477 2741; x_wconf 83' lang='lat' dir='ltr'>propius</span> <span class='ocrx_word' id='word_1_621' title='bbox 501 2697 652 2730; x_wconf 86' lang='lat' dir='ltr'>accessit</span> <span class='ocrx_word' id='word_1_622' title='bbox 677 2701 734 2741; x_wconf 88' lang='lat'>12,</span> <span class='ocrx_word' id='word_1_623' title='bbox 759 2701 794 2740; x_wconf 88' lang='lat'>1,</span> <span class='ocrx_word' id='word_1_624' title='bbox 819 2699 876 2732; x_wconf 89' lang='lat'>20.</span> <span class='ocrx_word' id='word_1_625' title='bbox 912 2697 952 2731; x_wconf 89' lang='lat' dir='ltr'>id</span> <span class='ocrx_word' id='word_1_626' title='bbox 980 2707 1060 2731; x_wconf 88' lang='lat' dir='ltr'>esse</span> <span class='ocrx_word' id='word_1_627' title='bbox 1085 2697 1280 2741; x_wconf 79' lang='lat' dir='ltr'>optimiun,</span> <span class='ocrx_word' id='word_1_628' title='bbox 1307 2696 1403 2741; x_wconf 81' lang='lat' dir='ltr'>quod</span> <span class='ocrx_word' id='word_1_629' title='bbox 1427 2707 1509 2730; x_wconf 89' lang='lat' dir='ltr'>cum</span> <span class='ocrx_word' id='word_1_630' title='bbox 1533 2701 1570 2730; x_wconf 87' lang='lat' dir='ltr'>te</span> <span class='ocrx_word' id='word_1_631' title='bbox 1593 2693 1693 2737; x_wconf 64' lang='lat' dir='ltr'>facile</span> 
     </span>
     <span class='ocr_line' id='line_1_54' title="bbox 200 2740 1671 2787; baseline -0.002 -10"><span class='ocrx_word' id='word_1_632' title='bbox 200 2741 396 2777; x_wconf 79' lang='lat' dir='ltr'>credideris</span> <span class='ocrx_word' id='word_1_633' title='bbox 423 2742 599 2787; x_wconf 84' lang='lat' dir='ltr'>consequi</span> <span class='ocrx_word' id='word_1_634' title='bbox 622 2743 843 2786; x_wconf 80' lang='lat' dir='ltr'>imitatione,</span> <span class='ocrx_word' id='word_1_635' title='bbox 875 2754 950 2777; x_wconf 90' lang='lat' dir='ltr'>non</span> <span class='ocrx_word' id='word_1_636' title='bbox 973 2742 1089 2787; x_wconf 82' lang='lat' dir='ltr'>possis</span> <span class='ocrx_word' id='word_1_637' title='bbox 1116 2746 1198 2778; x_wconf 84' lang='lat' dir='ltr'><strong>Cic.</strong></span> <span class='ocrx_word' id='word_1_638' title='bbox 1224 2744 1282 2785; x_wconf 82' lang='lat'>11,</span> <span class='ocrx_word' id='word_1_639' title='bbox 1308 2745 1343 2786; x_wconf 92' lang='lat'>1,</span> <span class='ocrx_word' id='word_1_640' title='bbox 1366 2742 1413 2777; x_wconf 88' lang='grc'>92</span> <span class='ocrx_word' id='word_1_641' title='bbox 1436 2742 1485 2776; x_wconf 89' lang='grc' dir='ltr'>Ν.</span> <span class='ocrx_word' id='word_1_642' title='bbox 1519 2740 1671 2777; x_wconf 84' lang='lat' dir='ltr'>credit</span> 
     </span>
     <span class='ocr_line' id='line_1_55' title="bbox 198 2786 1691 2837; baseline -0.003 -11"><span class='ocrx_word' id='word_1_643' title='bbox 198 2791 266 2826; x_wconf 75' lang='lat' dir='ltr'>v&#39;os</span> <span class='ocrx_word' id='word_1_644' title='bbox 289 2788 422 2826; x_wconf 79' lang='lat' dir='ltr'>intueri</span> <span class='ocrx_word' id='word_1_645' title='bbox 445 2789 491 2834; x_wconf 84' lang='grc'>9,</span> <span class='ocrx_word' id='word_1_646' title='bbox 512 2791 553 2834; x_wconf 83' lang='grc'>2,</span> <span class='ocrx_word' id='word_1_647' title='bbox 577 2787 640 2833; x_wconf 77' lang='lat'>413</span> <span class='ocrx_word' id='word_1_648' title='bbox 686 2793 801 2826; x_wconf 67' lang='lat' dir='ltr'>satis</span> <span class='ocrx_word' id='word_1_649' title='bbox 828 2791 959 2825; x_wconf 81' lang='lat' dir='ltr'>credo</span> <span class='ocrx_word' id='word_1_650' title='bbox 985 2803 1015 2825; x_wconf 85' lang='grc' dir='ltr'>ο.</span> <span class='ocrx_word' id='word_1_651' title='bbox 1041 2793 1110 2837; x_wconf 71' lang='lat' dir='ltr'>solo</span> <span class='ocrx_word' id='word_1_652' title='bbox 1134 2788 1223 2832; x_wconf 79' lang='lat' dir='ltr'><strong>Ins..·</strong></span> <span class='ocrx_word' id='word_1_653' title='bbox 1252 2798 1328 2826; x_wconf 81' lang='lat' dir='ltr'>non</span> <span class='ocrx_word' id='word_1_654' title='bbox 1350 2786 1436 2825; x_wconf 73' lang='lat' dir='ltr'>satis</span> <span class='ocrx_word' id='word_1_655' title='bbox 1459 2788 1609 2824; x_wconf 78' lang='lat' dir='ltr'>credunt</span> <span class='ocrx_word' id='word_1_656' title='bbox 1633 2796 1691 2823; x_wconf 79' lang='lat' dir='ltr'>ex·</span> 
     </span>
    </p>
   </div>
   <div class='ocr_carea' id='block_1_5' title="bbox 1665 376 1728 2624">
    <p class='ocr_par' dir='ltr' id='par_1_5' title="bbox 1665 376 1728 2624">
     <span class='ocr_line' id='line_1_56' title="bbox 1716 376 1728 546; baseline 0 -88"><span class='ocrx_word' id='word_1_657' title='bbox 1716 376 1728 546; x_wconf 95' lang='lat' dir='ltr'>   </span> 
     </span>
     <span class='ocr_line' id='line_1_57' title="bbox 1722 546 1728 642; baseline 0 0"><span class='ocrx_word' id='word_1_658' title='bbox 1722 546 1728 642; x_wconf 95' lang='lat' dir='ltr'>  </span> 
     </span>
     <span class='ocr_line' id='line_1_58' title="bbox 1697 642 1728 779; baseline 0 0"><span class='ocrx_word' id='word_1_659' title='bbox 1697 642 1728 779; x_wconf 95' lang='lat' dir='ltr'>   </span> 
     </span>
     <span class='ocr_line' id='line_1_59' title="bbox 1715 779 1728 875; baseline 0 -47"><span class='ocrx_word' id='word_1_660' title='bbox 1715 779 1728 875; x_wconf 95' lang='lat' dir='ltr'>   </span> 
     </span>
     <span class='ocr_line' id='line_1_60' title="bbox 1698 875 1728 923; baseline 0 2079"><span class='ocrx_word' id='word_1_661' title='bbox 1698 875 1728 923; x_wconf 95' lang='lat' dir='ltr'> </span> 
     </span>
     <span class='ocr_line' id='line_1_61' title="bbox 1695 923 1728 1060; baseline 0 -48"><span class='ocrx_word' id='word_1_662' title='bbox 1695 923 1728 1060; x_wconf 95' lang='lat' dir='ltr'>   </span> 
     </span>
     <span class='ocr_line' id='line_1_62' title="bbox 1701 1060 1728 1245; baseline 0.074 -50"><span class='ocrx_word' id='word_1_663' title='bbox 1701 1060 1728 1245; x_wconf 95' lang='lat' dir='ltr'>     </span> 
     </span>
     <span class='ocr_line' id='line_1_63' title="bbox 1712 1245 1728 1427; baseline 0 -79"><span class='ocrx_word' id='word_1_664' title='bbox 1712 1245 1728 1427; x_wconf 95' lang='lat' dir='ltr'>    </span> 
     </span>
     <span class='ocr_line' id='line_1_64' title="bbox 1691 1427 1728 1614; baseline 0 -6"><span class='ocrx_word' id='word_1_665' title='bbox 1691 1427 1728 1614; x_wconf 95' lang='lat' dir='ltr'>     </span> 
     </span>
     <span class='ocr_line' id='line_1_65' title="bbox 1706 1614 1728 1708; baseline 0.409 -52"><span class='ocrx_word' id='word_1_666' title='bbox 1706 1614 1728 1708; x_wconf 95' lang='lat' dir='ltr'>   </span> 
     </span>
     <span class='ocr_line' id='line_1_66' title="bbox 1665 1708 1728 1840; baseline 0 0"><span class='ocrx_word' id='word_1_667' title='bbox 1665 1708 1728 1840; x_wconf 95' lang='lat' dir='ltr'>   </span> 
     </span>
     <span class='ocr_line' id='line_1_67' title="bbox 1704 1840 1728 1980; baseline 0 -92"><span class='ocrx_word' id='word_1_668' title='bbox 1704 1840 1728 1980; x_wconf 95' lang='lat' dir='ltr'>     </span> 
     </span>
     <span class='ocr_line' id='line_1_68' title="bbox 1702 1980 1728 2167; baseline 0.154 -142"><span class='ocrx_word' id='word_1_669' title='bbox 1702 1980 1728 2167; x_wconf 95' lang='lat' dir='ltr'>    </span> 
     </span>
     <span class='ocr_line' id='line_1_69' title="bbox 1700 2167 1728 2353; baseline 0 0"><span class='ocrx_word' id='word_1_670' title='bbox 1700 2167 1728 2353; x_wconf 95' lang='lat' dir='ltr'>    </span> 
     </span>
     <span class='ocr_line' id='line_1_70' title="bbox 1695 2446 1728 2624; baseline 0 -91"><span class='ocrx_word' id='word_1_671' title='bbox 1695 2446 1728 2624; x_wconf 95' lang='lat' dir='ltr'>    </span> 
     </span>
    </p>
   </div>
   <div class='ocr_carea' id='block_1_6' title="bbox 1643 2605 1662 2644">
    <p class='ocr_par' dir='ltr' id='par_1_6' title="bbox 1643 2605 1662 2644">
     <span class='ocr_line' id='line_1_71' title="bbox 1643 2605 1662 2644; textangle 90"><span class='ocrx_word' id='word_1_672' title='bbox 1643 2605 1662 2644; x_wconf 54' lang='grc' dir='ltr'><strong>μ</strong></span> 
     </span>
    </p>
   </div>
  </div>
 </body>
</html>
