1728 3002
548 207 755 255 Finitims
793 231 850 239 —
885 203 1053 249 Firmus
1481 202 1563 251 345

83 325 340 369 meludunum·
362 331 424 360 eic.
452 325 497 358 ὶὸ.
523 322 577 358 15.
610 321 771 357 finitione
795 319 1067 365 (excutiuntur)‚'
1084 329 1130 353 an
1156 314 1302 362 propria
1328 313 1422 360 (sint)
1445 314 1480 357 5,
1506 315 1565 357 13,

78 375 140 408 19.
170 374 242 407 hoc
263 371 423 406 finitione
446 369 686 414 ‹praei-endum
717 370 762 411 3,
790 370 833 409 6,
859 369 891 402 5.
928 365 1091 401 finitione
1116 376 1201 398 usus
1231 369 1285 398 est
1307 361 1491 414 Augusti-us
1519 361 1565 394 de

0 442 8 456 -,
83 418 308 469 pantomimis
323 418 473 460 duobus,
488 435 536 441 —
558 425 639 449 cum
658 424 784 448 eorum
807 414 956 447 alterum
978 413 1144 447 :altorem
1160 409 1264 453 dixit,
1288 410 1438 450 alterum
1452 413 1565 444 mter-⁴

0 464 5 466 ’
61 492 63 495 .
85 465 295 509 peliatorem
326 465 371 508 6,
401 465 444 505 3,
474 462 531 496 65.
565 461 660 505 qnod
686 466 797 494 totum
821 460 950 503 pendet
976 469 1025 493 ex
1047 457 1208 491 finiiione
1234 457 1279 499 9,
1307 457 1347 498 3,
1369 455 1428 489 65.
1473 452 1508 496 ε)
1533 466 1563 487 σ.

84 510 259 554 ΑᾶῘει-η..·
291 521 336 544 an
364 506 538 554 ambigua,
562 518 606 540 an
631 506 824 547 contraria,
854 517 899 539 au
923 503 1121 539 communis
1146 503 1191 537 sit
1218 502 1278 536 fin.
1306 504 1343 544 7,
1371 502 1407 543 3,
1434 502 1492 534 20.
1525 503 1566 552 nt

79 556 132 589 rsit
154 567 280 590 causae
303 561 445 590 nostrae
469 552 688 587 conveniens
712 553 774 585 fin.
798 554 840 585 ib.
866 553 921 585 28.
959 550 989 584 si
1015 550 1158 596 quando
1188 549 1288 582 firma
1311 546 1568 598 comprehendi

86 601 217 646 poterit
248 601 351 638 brevi
384 600 575 644 eomplexu
604 599 799 634 verborum
823 598 937 632 finitio
973 598 1018 631 ib.
1050 598 1094 632 18
1116 599 1159 630 Z.
1195 605 1286 639 quae
1309 593 1391 636 fin„
1428 592 1567 628 etiamst

86 646 192 686 distat
213 647 347 692 aliquo,
370 646 438 680 nisi
459 651 578 679 tamen
601 644 756 690 propriis
784 649 819 678 et
844 643 1087 678 differentibus
1120 642 1328 683 adiuvetur,
1373 639 1491 681 inanis
1513 643 1569 672 est

86 694 131 734 ib.
154 694 211 734 26.
235 693 267 728 si
291 694 352 728 fin.
378 692 516 726 infirma
543 696 609 733 est,
632 691 668 724 in
693 690 935 738 syllogismum
963 687 1131 722 dilabitur
1155 690 1190 730 7,
1214 688 1250 730 8,
1275 689 1307 720 1.
1341 683 1371 719 si
1395 690 1455 718 aut
1477 684 1568 718 falsa

87 744 162 782 est,
198 745 259 774 aut
277 751 399 783 parum
422 740 530 781 piena
552 735 704 781 (finitio)
727 740 762 779 7,
785 739 821 779 3,
845 739 901 770 23.
928 734 985 769 24.
1019 735 1080 770 fin.
1106 743 1329 779 supervacua
1351 736 1389 766 et
1410 730 1501 765 nihil
1522 730 1569 764 ad

85 795 228 819 causam
250 785 431 830 pertinens
464 786 507 817 il».
534 785 589 821 20.
614 794 703 818 vera
726 783 786 816 fin.
815 785 870 825 1¹2,
900 784 933 824 1,
957 779 1018 815 44.
1423 795 1427 800 ·

38 839 347 934 ἙῙὲΙίῐέΠξὲ-Ζ-
372 858 483 887 status
507 853 542 894 3,
564 852 601 894 6,
623 851 655 886 5.
691 849 830 884 finitiva
859 844 1022 895 (στᾶσις)
1054 849 1097 881 ib.
1120 846 1166 881 26
1190 845 1238 882 N.
1270 843 1408 881 finitiva
1431 839 1569 890 (cansa)

111 924 122 941 ,
145 922 154 932 .
169 924 180 941 ,
205 924 225 932 ..
307 922 318 933 .
628 924 630 926 v

41 953 386 1002 Firmamentum.
427 963 512 1010 qnid
534 965 580 998 sit
602 963 807 1006 continens,
829 961 866 996 id
890 967 945 997 est
973 962 1142 1005 συνέχον,
1165 954 1249 1004 vel,
1280 965 1321 1002 ut
1344 958 1405 1002 aiii
1427 963 1574 1005 vocant,

86 1011 342 1046 firmamentum
366 1012 410 1054 3,
434 1013 500 1053 11,
526 1014 559 1044 1.
583 1010 620 1045 9.
645 1013 690 1043 12
712 1022 801 1054 seqq.

44 1065 203 1122 Ifirme.
231 1097 279 1106 -
307 1077 493 1113 continere
522 1080 579 1119 11,
600 1079 635 1120 2,
664 1079 700 1110 2.

42 1132 257 1177 firmitas.
302 1166 349 1173 —-
373 1145 497 1188 capitis
523 1147 580 1187 11,
602 1146 638 1187 3,
665 1145 720 1179 16.
755 1161 800 1168 —
824 1141 987 1186 corporis
1009 1143 1053 1175 ib.
1078 1142 1136 1177 19.
1168 1158 1218 1167 ——
1233 1140 1355 1175 lateris
1370 1139 1576 1186 pectorisve

90 1194 135 1234 ily.
163 1192 220 1230 16.
258 1211 305 1218 -
327 1191 520 1226 memoriae
546 1194 610 1235 12,
637 1191 678 1233 5,
707 1194 738 1235 1.
781 1206 825 1213 —
851 1188 955 1224 vocis
981 1190 1044 1233 10,
1068 1191 1109 1230 7,
1133 1187 1190 1221 26.
1221 1187 1279 1233 cni
1311 1187 1427 1221 aderit
1454 1186 1575 1222 lateris

90 1237 238 1272 firmitas
259 1236 438 1280 11,3‚4o.
466 1242 635 1280 qnantum
662 1236 786 1270 afferat
808 1245 885 1268 nox
911 1232 1118 1277 interposita
1141 1232 1315 1267 firmitatis
1345 1236 1407 1276 11,
1436 1236 1483 1275 2,
1514 1233 1576 1267 43.

89 1293 164 1317 non
187 1282 303 1328 oderit
325 1284 417 1316 hanc
441 1281 547 1316 animi
572 1282 644 1315 mei
667 1281 864 1314 firmitatem
891 1278 943 1324 (a.
969 1283 992 1312 1.
1017 1278 1269 1321 infirmitatem)
1293 1280 1334 1322 6,
1358 1280 1416 1313 Pr.
1441 1278 1487 1323 4..
1513 1279 1577 1312 fir-

80 1325 208 1376 'mitate
231 1334 413 1374 praestans
440 1339 571 1372 corpus
594 1331 639 1371 2,
665 1328 732 1370 16,
758 1328 813 1360 13.
850 1326 929 1369 plns
957 1326 1166 1369 pondere
1199 1330 1235 1359 et
1263 1325 1504 1359 firmitate
1539 1331 1578 1359 et

89 1374 215 1418 spiritu
237 1374 354 1422 agitur
376 1377 433 1417 12,
458 1377 492 1416 2,
514 1377 569 1407 12.
598 1374 693 1418 quod
718 1371 819 1417 (vini)
842 1373 939 1405 serre
960 1377 997 1405 et
1020 1381 1249 1415 concoquere
1272 1382 1347 1405 non
1368 1377 1491 1415 posset
1516 1371 1580 1405 ina

90 1421 254 1465 corpofis
276 1420 484 1467 gladiatoria
506 1419 670 1453 firmitate
694 1420 735 1462 S,
759 1418 802 1461 4,
830 1419 884 1452 16.
914 1428 1034 1462 neque
1061 1417 1272 1452 scien-tia
1303 1419 1412 1452 modo
1437 1422 1580 1452 constat

90 1473 225 1511 orator,
247 1468 313 1511 sed
334 1477 442 1512 voce,
467 1467 635 1510 latere,
660 1465 895 1499 firmitate
924 1467 981 1507 12,
1002 1466 1058 1508 11,
1079 1466 1116 1498 2.
1567 1483 1574 1486 -

47 1521 207 1564 Firmo·
252 1534 405 1568 amabit
431 1533 518 1578 (sp.
542 1532 670 1577 form.)
701 1532 869 1566 articulos
893 1531 1018 1573 (nnus)
1046 1534 1086 1574 1,
1114 1533 1157 1574 1,
1181 1533 1251 1574 273
1287 1530 1495 1564 memoriam
1516 1531 1581 1564 fir-

75 1586 191 1618 vment
215 1584 251 1623 2,
277 1580 314 1623 4,
343 1581 399 1615 15.
434 1580 616 1622 homines,
647 1579 708 1623 qui
728 1578 890 1612 manibus
915 1577 1070 1617 invicem
1094 1577 1324 1621 apprehensis
1348 1579 1496 1621 gradum
1520 1578 1582 1611 fir-

92 1631 191 1666 mant
215 1628 259 1668 9,
281 1626 329 1671 4,
354 1622 432 1662 129.
468 1631 508 1660 ut
536 1624 727 1659 inferiores
756 1623 917 1668 (radices)
952 1624 1094 1667 penitus
1119 1624 1372 1657 descendendo
1394 1624 1581 1657 firmentur

93 1674 152 1715 10,
174 1675 211 1716 7,
238 1673 297 1707 28.
336 1671 511 1706 memoria
533 1689 578 1695 —
602 1671 794 1715 praecipue
820 1669 1038 1712 firmatur
1075 1675 1182 1720 atque
1216 1668 1360 1710 alitur
1399 1669 1582 1704 exercita-

0 1698 33 1775 ῗζ
92 1717 191 1758 tione
215 1720 256 1762 1,
281 1721 320 1761 1,
343 1719 400 1755 36.
435 1729 503 1752 nec
530 1716 672 1751 silentio
700 1716 940 1759 subsidat,
975 1716 1040 1750 sed
1068 1715 1292 1751 firmetur
1322 1716 1583 1757 consuetudine

94 1761 195 1805 (vox)
219 1766 285 1806 11,
308 1763 449 1806 3,.24.
466 1774 640 1807 praeceps
663 1764 779 1806 adhuc
805 1761 1029 1807 firmatur
1062 1773 1105 1802 ac
1140 1761 1423 1797 sustinetur
1455 1762 1583 1801 ultimo

30 1828 34 1834 ’
96 1809 141 1849 9,
163 1807 208 1849 4,
233 1811 306 1845 71.“
323 1815 365 1842 ut
387 1815 424 1844 et
446 1815 567 1842 nostra
589 1809 707 1857 aliqua
732 1807 1037 1855 argumentatione
1062 1808 1242 1843 firmemus
1271 1809 1315 1850 4,
1345 1810 1387 1850 2,
1421 1809 1500 1842 102.
1541 1813 1584 1842 ut

98 1853 225 1894 erebra
244 1853 434 1888 iteratione
453 1855 637 1888 firmentur
659 1853 764 1898 (quae
789 1855 998 1896 exciderunt)
1025 1857 1080 1897 11,
1104 1856 1140 1897 2,
1167 1855 1231 1896 353
1269 1854 1340 1898 jam
1366 1854 1583 1889 robustis

100 1903 137 1932 et
158 1898 343 1931 severiore
367 1910 499 1945 genere
523 1899 608 1934 satis
629 1899 829 1933 firmatis
852 1901 910 1948 10,
935 1903 970 1942 1,
994 1901 1074 1942 131.

54 1955 239 1997 Firmus·
275 1963 312 2007 α)
336 1967 460 1998 Posit.:
483 1965 618 1999 firmi
639 1971 677 2000 et
696 1965 923 2000 interriti
947 1967 980 2009 5,
1006 1970 1042 2009 7,
1067 1970 1123 2000 11.
1150 1968 1290 2001 fimum
1313 1969 1384 2002 hoc
1408 1966 1490 2002 adv‘.
1520 1977 1585 2001 eos

99 2011 252 2047 fortasse
275 2010 320 2044 sit
346 2013 390 2052 2,
419 2013 485 2052 17,
516 2012 572 2044 23.
614 2011 645 2044 si
673 2022 827 2055 sequens
851 2013 990 2046 firmum
1015 2013 1061 2046 sit
1082 2012 1124 2051 4,
1152 2014 1196 2055 5,
1228 2016 1283 2047 13.
1322 2015 1420 2058 quod
1444 2014 1585 2046 firmum

98 2056 251 2090 fidenter
269 2056 326 2089 'est
347 2056 383 2098 6,
408 2054 444 2097 4,
469 2054 534 2097 14;
562 2056 663 2089 firma
685 2059 734 2094 (α.
749 2061 771 2090 1.
795 2056 947 2099 formae)
974 2059 1148 2101 quaedam
1176 2059 1328 2092 facititas
1355 2062 1459 2100 10,1‚
1478 2063 1509 2092 1.
1525 2060 1584 2093 59.

59 2103 66 2109 ’
100 2121 148 2128 --
170 2101 282 2136 finitio
298 2104 332 2142 7,
347 2104 382 2143 3,
398 2102 453 2135 18.
482 2118 526 2124 -
548 2100 756 2135 intentionis
782 2105 839 2143 11,
862 2105 897 2144 3,
926 2104 983 2136 55.
1019 2121 1062 2128 -
1087 2103 1229 2146 judiciis
1251 2108 1284 2143 2,
1309 2105 1343 2147 5,
1371 2107 1428 2138 23.
1453 2115 1586 2138 -me-

101 2147 215 2181 moria
238 2150 272 2189 5,
300 2149 355 2189 10,
379 2147 436 2181 54.
474 2149 530 2188 11,
554 2149 588 2188 2,
614 2147 671 2180 18.
714 2163 759 2171 -·
783 2147 947 2190 probatio
972 2150 1006 2190 5,
1032 2151 1088 2190 10,
1114 2150 1170 2183 57.
1203 2152 1260 2192 11,
1287 2151 1324 2191 3,
1350 2152 1387 2185 2.
1432 2169 1479 2175 —
1500 2160 1586 2184 sem

102 2192 248 2232 tentiam
274 2193 309 2235 5,
335 2196 377 2234 2,
395 2195 429 2226 2.
449 2201 530 2226 vox
547 2209 592 2216 —
615 2191 887 2232 flexibilis,
909 2192 1051 2227 firma
1075 2197 1131 2234 11,
1148 2193 1252 2236 3,4o.
1297 2198 1341 2238 ps.
1369 2198 1582 2239 Compara:

102 2238 246 2282 semper
266 2238 399 2271 firmius
421 2243 475 2271 est
497 2247 571 2271 non
594 2237 725 2271 fecisse
752 2240 787 2280 3,
805 2238 840 2277 6,
855 2241 910 2271 10.
944 2239 1042 2273 nulla
1066 2249 1145 2273 esse
1166 2240 1337 2284 firmiora,
1362 2252 1467 2284 quam
1493 2253 1585 2286 qnae

39 2305 42 2307 Δ
104 2296 152 2319 ex
181 2283 296 2317 dubiis
322 2283 413 2317 sacta
437 2289 518 2316 sunt
541 2288 638 2317 certa
665 2284 707 2325 5,
735 2286 800 2325 12,
826 2285 860 2317 3.
893 2284 1034 2318 occisos
1057 2302 1102 2308 —
1125 2296 1146 2321 a
1171 2285 1462 2325 firmioribus
1493 2287 1586 2321 im-

105 2330 384 2365 beciniores
412 2330 455 2371 5,
480 2331 547 2372 10,
573 2328 632 2364 49.
668 2328 827 2373 incipere
850 2340 869 2362 a
892 2329 1111 2364 firmioribus
1134 2334 1170 2374 7,
1199 2334 1233 2374 1,
1258 2334 1313 2374 16.
1347 2333 1504 2371 firmiore
1528 2334 1586 2377 ju—

30 2381 34 2383 “
104 2376 199 2410 dicio
220 2378 255 2417 1,
281 2376 323 2417 8,
348 2376 380 2410 5.
417 2374 670 2409 tardiorem
704 2374 1045 2420 firmioremque
1071 2377 1279 2412 memoriam
1300 2377 1384 2414 fieri
1410 2381 1465 2422 11,
1489 2382 1525 2422 2,
1548 2378 1587 2413 4.

104 2420 278 2454 firmiores
299 2418 480 2469 profectus
503 2417 618 2465 1,‘2,
642 2421 702 2455 26.
740 2427 910 2465 tantoque
942 2422 1021 2465 plus
1055 2424 1207 2464 valet,
1252 2424 1384 2468 qunto
1418 2421 1586 2469 res‘ipsa

0 2469 60 2518 f
105 2466 227 2502 verbis
254 2472 307 2499 est
329 2465 523 2500 firmior
545 2467 580 2509 8,
591 2466 628 2510 4,
641 2467 697 2500 26.
722 2466 857 2500 firmins
881 2467 1004 2501 aetatis
1026 2469 1138 2502 robur
1154 2467 1234 2512 1‚8‚'
1249 2470 1283 2504 6.
1330 2469 1369 2515 y)
1394 2472 1585 2515 Superloeae..·
1614 2467 1618 2476 “

105 2511 221 2556 primo
246 2511 427 2545 firmum
452 2511 584 2556 aliquid
605 2523 684 2547 esse
707 2513 929 2557 ponendum,
956 2524 1094 2548 summo
1118 2514 1461 2559 firmissimum,
1496 2516 1587 2550 im-

108 2557 372 2592 becilliora
399 2557 518 2591 medio
546 2561 581 2600 7,
606 2561 638 2598 1,
665 2561 719 2593 10.
755 2559 850 2603 quod
876 2560 919 2592 ad
943 2559 1197 2602 judicationem
1217 2562 1455 2596 firmissimum
1479 2562 1587 2596 affer-

11 2642 14 2647 ·
106 2608 165 2637 tur
186 2604 221 2646 3,
247 2606 303 2645 11,
326 2604 362 2638 9.
398 2609 439 2639 ut
461 2603 520 2646 id,
554 2605 651 2647 quod
671 2603 1003 2638 firmissimum
1025 2606 1167 2642 duxerit
1189 2618 1229 2642 se
1251 2609 1396 2651 habere,
1420 2609 1589 2652 remittat,

0 2651 10 2678 ἱ
26 2667 50 2685 «,
107 2655 144 2683 et
166 2650 211 2682 ad
236 2649 420 2685 leviora
447 2651 675 2685 transcendat
698 2653 735 2693 7,
761 2653 793 2692 1,
819 2654 876 2684 21.
909 2650 1107 2686 firmissima
1132 2665 1292 2698 quaeque
1316 2654 1508 2689 memoriae
1533 2655 1589 2697 jn-

0 2679 51 2733 ᾖ]
105 2694 196 2738 ,dicis
217 2694 427 2729 inculcanda
448 2700 530 2728 sunt
553 2696 589 2738 6,
611 2694 648 2739 4,
671 2698 714 2738 5;
742 2696 962 2731 firmissimae
986 2697 1161 2733 amicitiae
1186 2702 1220 2743 1,
1243 2703 1280 2742 2,
1303 2703 1362 2734 20.
1392 2700 1589 2734 firmissima

0 2744 42 2802 ’Ξ
104 2739 421 2830 ἶπεωςηὶἷωήοι)
445 2752 527 2785 pars
548 2743 616 2785 11,
642 2744 684 2785 2,
706 2741 765 2777 45.
803 2742 991 2778 fir-min.
1018 2745 1246 2788 probasiones
1268 2759 1348 2791 opp.
1373 2746 1587 2782 leviores
