1728 3002
621 221 835 267 Rescindo
866 246 921 255 -
950 217 1141 267 Κεκίνα
1563 225 1645 266 783

153 340 273 377 dicere
297 340 352 376 Go
396 338 453 376 ‘ae
477 339 639 380 videtur,
665 350 740 374 nou
762 337 801 373 in
824 337 988 374 verbis
1011 348 1092 373 esse
1115 337 1316 380 materiam,
1342 337 1406 372 sed
1429 336 1468 371 in
1490 335 1584 372 reb.
1608 338 1644 379 2,

153 391 220 431 21,
246 386 281 422 4.
308 387 352 422 ab
401 387 431 422 is
453 386 595 431 (poetis)
623 386 661 420 in
684 386 779 420 reb.
804 384 948 429 spiritus
971 390 1008 419 et
1032 385 1071 418 in
1097 383 1264 420 verbis
1286 383 1483 418 mblimitas
1515 383 1648 428 petitur

155 436 212 477 10,
234 437 267 477 1,
285 436 343 468 27.
371 433 497 468 vitium
523 439 581 467 aut
606 432 642 466 in
671 430 840 467 verbis
864 437 918 466 est
941 436 1001 465 aut
1024 430 1063 465 in
1087 431 1187 466 reb.
1214 434 1250 472 2,
1277 430 1314 475 4,
1337 431 1397 467 37.
1420 429 1480 475 qui
1505 440 1647 464 omnem

155 479 400 524 quaestionem
429 485 567 525 ponunt
598 479 636 512 in
658 478 750 512 reb.
777 483 812 511 et
837 477 875 511 in
899 477 1064 513 verbis
1089 478 1137 521 3,
1164 475 1268 520 5,*4.
1294 481 1334 511 ut
1362 476 1407 511 sit
1430 475 1586 522 positum
1609 475 1647 508 in

153 526 250 560 reb.
273 524 393 560 autin
414 525 578 561 verbis
602 523 804 568 (ridiculum)
826 523 871 567 6,
897 525 944 566 3,
968 526 1026 558 22.
1064 521 1111 566 ‘f-
1135 525 1179 565 8,
1202 523 1334 566 3,’9o;
1367 523 1431 568 qui
1453 522 1522 557 sibi
1554 532 1648 564 res,

155 581 322 614 voces,
349 577 480 606 actus
504 571 701 606 secundum
720 581 849 606 verum
871 569 1004 614 optime
1027 569 1127 618 fingit
1150 569 1185 609 6.
1208 572 1245 613 2,
1269 570 1327 604 30.
1360 573 1492 605 avocat
1514 579 1536 602 a
1561 577 1649 602 cura

154 617 296 654 vocis
321 616 408 661 ille,
436 617 498 663 qui
521 628 572 652 ex
593 618 730 652 rebus
755 615 843 660 ipsis
866 615 1081 660 concipitur,
1103 615 1251 650 affectus
1276 617 1336 660 11,
1359 616 1395 659 3,
1418 615 1476 650 25.
1521 612 1564 657 b)
1587 613 1651 658 qui

153 668 269 698 totum
294 672 385 708 opus
407 663 612 707 (otmarum)
637 663 677 698 in
703 673 779 697 res
803 668 839 696 et
866 663 964 696 affe
978 667 1079 696 ctus
1107 662 1310 707 partiuntur
1334 662 1372 702 3,
1395 662 1430 704 5,
1454 663 1490 695 2.
1514 660 1560 702 qs.
1591 662 1650 702 11,

154 711 200 752 3,
225 711 304 745 152.
337 721 419 744 cum
442 715 477 744 et
498 721 571 744 res
595 714 631 744 et
659 708 838 743 animus
862 707 1073 755 intelligitur
1093 710 1143 752 9„
1164 712 1210 751 2,
1231 710 1291 743 77.
1316 706 1381 742 ubi
1401 717 1480 742 res
1503 706 1650 742 defendi

153 765 229 789 non
251 760 388 799 potest,
412 757 457 790 de
481 754 791 800 finesquaeritur
817 753 860 798 4,
886 754 931 798 4,
959 756 993 790 3.
1015 753 1080 788 uni
1105 753 1175 790 rei
1200 753 1391 799 multiplex
1413 752 1541 789 ratio
1564 753 1651 787 sub-

153 801 311 848 jungitur
333 804 375 844 9,
399 804 442 842 3,
464 802 522 837 96.
547 813 624 837 res
652 812 695 836 ao
718 800 1102 845 dispositionem
1128 799 1331 836 inventioni
1355 799 1454 834 dedit
1478 801 1524 842 3,
1549 801 1592 842 3,
1617 801 1652 833 7.

154 847 297 892 saepius
328 848 374 881 ad
408 859 530 882 curam
558 859 649 882 rer.
683 847 729 882 ab
763 846 1041 883 elocutione
1068 846 1266 891 respiceret
1302 847 1367 889 10,
1401 848 1446 888 1,
1480 847 1559 880 120.
1589 850 1651 878 aut

154 892 335 938 praecedit
359 892 641 936 similitudo,
662 904 737 927 res
761 892 934 937 sequitur,
957 899 1018 927 aut
1036 893 1219 938 praecedit
1239 903 1333 936 res,
1358 897 1395 927 et
1420 890 1649 927 similitu-

155 939 211 972 do
234 939 394 983 sequitur
415 941 457 979 8,
480 941 524 982 3,
549 940 606 973 77.
640 940 806 985 neglecto
838 950 926 974 rer.
954 940 1116 982 pondere
1150 945 1187 974 et
1215 938 1356 974 viribus
1381 936 1652 973 sententia-

154 995 255 1018 rum
281 987 323 1027 9,
350 986 391 1028 3,
421 987 498 1019 100.
521 986 611 1027 hoc,
648 985 745 1030 quod
766 985 879 1030 vulgo
901 985 1184 1020 sententias
1218 995 1413 1027 vocamus,
1444 984 1529 1017 dum
1558 995 1650 1017 rem

150 1029 364 1064 contineant
388 1033 445 1074 12,
472 1032 529 1073 10,
550 1030 599 1066 48
622 1031 668 1065 N.
696 1037 728 1064 et
752 1031 789 1064 S.
817 1030 906 1064 nihil
934 1029 1099 1064 dicitu
1110 1042 1149 1073 r,
1173 1031 1270 1075 quod
1292 1030 1391 1074 (non)
1414 1040 1510 1064 rem
1532 1029 1652 1063 maxi-

153 1087 214 1110 me
242 1075 424 1111 contineat
449 1078 491 1118 3,
513 1077 555 1119 6,
581 1074 661 1112 104.
690 1087 858 1111 sensus
888 1086 964 1110 non
988 1077 1093 1110 eand.
1124 1075 1319 1123 imaginem
1350 1086 1456 1121 quam
1484 1086 1563 1110 res
1586 1077 1652 1110 ha-

154 1122 242 1156 bent
265 1125 320 1165 11,
344 1125 381 1165 2,
404 1121 460 1156 24-
520 1125 565 1164 c)
590 1122 717 1158 Celsus
741 1122 944 1167 qualitatem
968 1122 1006 1156 in
1030 1133 1119 1157 rem
1146 1128 1183 1157 et
1208 1122 1436 1166 scriptum
1458 1121 1588 1158 dividit
1615 1124 1652 1164 3,

153 1168 201 1211 6,
221 1168 281 1203 38.
305 1167 352 1209 cs.
378 1169 433 1204 55.
454 1167 494 1201 in
524 1179 574 1203 re
600 1168 845 1213 quaestionem
867 1168 1092 1203 instituamus
1115 1179 1161 1202 an
1183 1167 1222 1202 in
1245 1167 1442 1212 scripto
1461 1171 1499 1212 7,
1524 1171 1567 1211 1,
1595 1169 1652 1203 13.

156 1213 309 1249 scientia
326 1225 412 1250 rer.
437 1225 484 1248 an
511 1214 800 1259 scriptorum
823 1214 927 1258 copia
956 1217 1014 1258 10,
1042 1218 1077 1258 1,
1100 1215 1160 1250 83.
1205 1214 1244 1255 d)
1267 1214 1352 1259 quia
1374 1214 1419 1247 ad
1441 1213 1543 1260 illum
1567 1213 1651 1258 jus,

155 1260 202 1294 ad
217 1261 315 1295 hunc
339 1271 416 1294 res
439 1262 598 1294 transeat
623 1263 659 1304 5,
683 1262 741 1304 10,
767 1260 847 1295 116.
870 1260 910 1294 in
937 1260 1071 1305 scripto
1097 1265 1180 1294 sunt
1203 1261 1249 1294 de
1272 1261 1378 1304 jure
1397 1259 1653 1305 (quaestiones),

154 1305 192 1341 in
216 1312 294 1341 non
314 1305 448 1350 scripto
470 1307 516 1341 de
539 1317 590 1341 re
614 1308 650 1350 3,
676 1308 712 1350 5,
733 1305 771 1342 4.
793 1307 839 1340 de
861 1317 915 1341 re
938 1312 1088 1350 constat,
1113 1307 1159 1341 de
1181 1306 1260 1350 jure
1283 1305 1470 1353 quaeritur
1490 1306 1528 1350 4,
1553 1309 1588 1349 2,
1614 1307 1650 1341 5.

155 1349 202 1393 ff·
223 1353 270 1396 7,
295 1353 339 1396 5,
362 1353 397 1386 3.
445 1351 492 1396 e)
515 1363 608 1398 quae
632 1358 735 1387 erant
756 1363 934 1396 rerum,
962 1353 1110 1397 propria
1132 1353 1222 1388 fecit
1243 1352 1456 1387 hominis
1479 1353 1521 1396 8,
1548 1352 1591 1396 5,
1614 1355 1648 1387 7.

152 1396 333 1432 interdum
363 1399 468 1442 culpa
504 1398 543 1432 in
576 1398 812 1434 hominem
843 1400 1022 1446 relegatur
1050 1418 1093 1425 —
1116 1398 1261 1433 interim
1282 1398 1322 1433 in
1343 1409 1440 1434 rem
1467 1398 1653 1434 derivatur

152 1446 190 1487 7,
211 1443 246 1485 4,
271 1444 327 1478 14.
354 1443 592 1479 hominum
614 1445 704 1480 vitia
727 1445 870 1480 rebus
894 1445 1074 1492 assignant
1097 1447 1132 1490 5,
1157 1447 1215 1490 13,
1243 1447 1302 1481 35.
1326 1445 1540 1490 complexus
1561 1456 1650 1479 rer.

154 1499 554 1535 personarumque
576 1494 618 1533 2,
645 1494 685 1534 1,
709 1492 733 1527 9
756 1503 791 1525 υ.
815 1492 1032 1525 Persona.
1325 1522 1337 1529 x

115 1536 117 1541 ’
158 1555 166 1557 -
201 1531 240 1577 ὃ)
264 1539 298 1569 in
325 1539 463 1570 circuitu
490 1539 634 1570 dicendi.
675 1537 708 1580 a)
730 1537 794 1571 ubi
816 1537 1045 1571 solicitudine
1069 1545 1131 1570 etc.
1156 1542 1322 1583 res‘eget
1342 1537 1379 1579 9,
1402 1535 1439 1579 4,
1463 1537 1544 1572 128.
1569 1547 1652 1571 cum

98 1592 103 1594 ⁷
154 1592 186 1614 r.
208 1581 333 1627 exiget
358 1584 415 1623 10,
438 1584 474 1624 3,
499 1583 533 1616 3.
555 1584 658 1625 plura
683 1593 787 1626 quam
807 1594 838 1616 r.
862 1583 1037 1616 desiderat
1067 1584 1104 1626 5,
1127 1585 1165 1624 7,
1190 1583 1246 1618 19.
1267 1583 1298 1616 si
1321 1593 1353 1615 r.
1376 1582 1473 1616 feret
1496 1585 1532 1626 5,
1554 1585 1591 1627 2,
1615 1586 1650 1618 3.

156 1631 196 1659 ut
217 1637 276 1660 res
299 1626 380 1660 tulit
401 1627 489 1670 (Sp.
515 1627 613 1671 vult)
636 1629 681 1670 3,
705 1629 741 1669 8,
765 1629 810 1662 53
833 1632 877 1662 Ζ.
902 1639 1007 1672 quam
1031 1639 1060 1662 r.
1086 1628 1242 1671 patietur
1263 1628 1416 1672 plurima
1440 1630 1506 1670 12,
1529 1629 1566 1672 9,
1591 1631 1651 1664 16.

157 1683 239 1706 cum
261 1683 292 1706 r.
316 1677 441 1715 poscet
463 1674 509 1715 2,
535 1675 576 1715 1,
599 1675 665 1714 12;
699 1674 830 1720 gaudet
852 1684 884 1708 r.
906 1674 1082 1709 varietate
1105 1675 1146 1716 9,
1170 1677 1216 1716 2,
1241 1675 1288 1709 63
1310 1675 1381 1716 N.;
1415 1684 1492 1708 non
1524 1674 1593 1709 erit
1619 1686 1652 1709 r.

155 1717 261 1752 nobis
284 1729 366 1751 cum
388 1717 596 1751 adversario
616 1719 679 1752 sed
706 1730 788 1752 cum
813 1718 934 1762 judice
961 1722 996 1762 5,
1020 1721 1078 1762 13,
1104 1720 1148 1761 6;
1177 1729 1254 1754 non
1276 1725 1330 1754 est
1354 1731 1385 1754 r.
1403 1719 1511 1754 animi
1528 1721 1652 1763 jacen-

156 1764 204 1797 tis
219 1771 281 1797 etc.
305 1764 340 1806 6,
356 1761 392 1806 4,
407 1765 463 1796 11.
488 1762 532 1804 ej:
555 1766 597 1798 ib.
625 1767 669 1799 17
684 1768 750 1807 Z.;
772 1764 915 1808 ineptae
936 1776 1022 1800 sane
1039 1765 1383 1809 cavillationis.(om.
1407 1767 1494 1809 res)
1510 1769 1545 1808 7,
1561 1768 1597 1811 9,
1615 1766 1652 1803 4.

156 1808 207 1852 b)
238 1819 312 1852 quo
340 1808 386 1842 sit
407 1819 467 1842 res
496 1809 650 1843 lucidior
671 1811 713 1853 7,
742 1813 784 1853 3,
812 1813 870 1844 21.
906 1813 1137 1856 enthymema
1163 1817 1410 1858 argumentum
1436 1811 1579 1856 ipsum,
1613 1813 1652 1847 id
1714 1826 1717 1828 ’

158 1860 214 1889 est
238 1865 340 1897 rem,
369 1865 467 1906 guae
488 1855 692 1899 probationi
715 1856 861 1890 alterius
884 1857 1095 1900 adhibetur,
1120 1859 1299 1902 appellant
1325 1859 1369 1900 5,
1395 1857 1459 1900 14,
1488 1861 1520 1892 1.
1542 1859 1653 1894 habet

157 1912 187 1934 r.
217 1900 295 1944 ipsa
326 1910 458 1952 miram
485 1901 615 1944 quand.
641 1901 681 1935 in
705 1902 927 1937 orationibus
957 1903 1033 1937 vim
1063 1907 1128 1947 11,
1158 1905 1206 1947 3,
1229 1907 1264 1938 2.
1296 1903 1464 1948 pervenit
1497 1905 1589 1939 haec
1618 1915 1649 1944 r,

157 1947 445 1991 frequenumme
470 1947 515 1980 ad
536 1946 647 1981 risum
672 1948 717 1991 8,
739 1948 788 1992 6,
811 1947 871 1984 74.
905 1948 949 1990 «dl
980 1953 1021 1984 11
1037 1975 1049 1992 ,
1081 1952 1123 1990 1,
1148 1951 1208 1985 91.
1247 1951 1355 1994 hujus
1385 1961 1415 1984 r.
1442 1952 1649 1995 exemplum

155 1992 192 2035 4,
219 1996 252 2033 1,
275 1992 332 2029 35.
358 1990 403 2033 cs.
430 1994 487 2035 11,
514 1994 550 2036 2,
575 1993 630 2028 16.
655 1992 695 2027 in
713 1994 808 2028 hanc
829 2006 862 2029 r.
889 1995 1078 2041 compositi
1101 1996 1136 2038 5,
1161 1999 1196 2039 7,
1219 1999 1254 2030 7.
1278 1996 1318 2030 in
1339 1995 1398 2029 his
1418 1997 1528 2030 rebus
1553 1999 1590 2040 9,
1613 1999 1649 2040 3,

158 2041 237 2073 102.
262 2038 301 2071 in
327 2048 370 2072 ea
394 2048 434 2071 re
458 2038 583 2072 doctus
614 2041 671 2083 12,
692 2041 728 2082 3,
752 2042 786 2075 3.
811 2045 866 2074 est
886 2052 917 2076 r.
939 2042 1001 2076 illa
1027 2041 1225 2086 simplicior
1250 2042 1294 2085 5,
1320 2043 1385 2084 13,
1409 2044 1443 2075 2.
1473 2041 1550 2085 (om.
1573 2044 1652 2087 res)

156 2084 218 2118 illa
242 2094 332 2118 vero
355 2083 633 2128 jucundissima,
670 2084 702 2119 si
725 2093 787 2126 etc.
814 2087 860 2130 6,
891 2090 935 2130 1,
960 2087 996 2122 4.
1021 2087 1095 2132 (cs.
1123 2091 1168 2122 Z.
1194 2089 1242 2121 ad
1267 2090 1336 2123 Cic.
1365 2090 1468 2123 Verr.
1499 2091 1564 2123 IV
1593 2091 1652 2125 23.

155 2130 190 2174 §.
215 2130 292 2172 51.)
315 2129 555 2164 conveniatne
576 2141 607 2164 r.
630 2130 711 2165 talis
734 2134 795 2175 10,
822 2135 841 2166 1
855 2157 868 2175 ,
891 2135 948 2171 27.
975 2133 1021 2175 cf.
1049 2136 1106 2176 10,
1130 2135 1165 2176 5,
1190 2135 1247 2168 13.
1284 2133 1386 2178 cujus
1409 2134 1463 2168 rei
1486 2114 1650 2179 prossatio

158 2181 214 2211 est
239 2183 302 2209 etc.
326 2174 367 2218 5,
392 2177 458 2217 10,
482 2178 561 2210 120.
585 2175 630 2218 ιςΓ.
656 2178 713 2219 11,
741 2179 777 2220 3,
799 2179 835 2214 8.
857 2177 897 2211 in
920 2177 1006 2223 (Sp.
1034 2180 1112 2222 οηι.)
1141 2191 1247 2224 quam
1269 2191 1346 2214 rem
1370 2179 1510 2214 dederit
1532 2181 1648 2225 (bene-s

150 2220 287 2264 ficium)
309 2224 345 2264 7,
369 2218 405 2264 4,
432 2223 478 2255 23
500 2225 544 2257 Ζ.
576 2234 608 2256 υ.
629 2222 729 2268 Qui.
754 2234 823 2258 nec
845 2235 905 2258 res
926 2226 1001 2260 ulla
1023 2227 1083 2260 dat
1105 2225 1208 2259 alteri
1232 2227 1415 2269 colorem,
1439 2237 1547 2272 quem
1573 2238 1649 2261 non

154 2269 232 2312 ipsa
261 2267 390 2301 haheat
412 2266 458 2309 6,
480 2269 524 2310 2,
547 2268 604 2302 28.
634 2267 680 2310 qs.
706 2270 764 2304 Pr.
788 2271 823 2305 5.
853 2273 909 2313 12,
934 2274 991 2314 11,
1014 2274 1071 2305 21.
1107 2272 1208 2315 cujus
1232 2277 1396 2305 naturam
1420 2272 1586 2317 quibusd.
1609 2273 1648 2308 in

154 2314 263 2347 rebus
284 2314 416 2346 iactam
438 2313 618 2359 duriorem
647 2317 708 2358 11,
734 2318 774 2358 1,
796 2318 855 2350 70.
879 2328 950 2351 una
974 2318 1013 2351 in
1036 2329 1076 2352 re
1099 2317 1255 2352 maxime
1278 2317 1375 2352 utilis
1397 2319 1440 2361 9,
1463 2320 1512 2363 3,
1539 2321 1573 2353 3.
1601 2319 1648 2360 qs.

156 2362 212 2399 11,
239 2361 273 2400 3,
300 2360 358 2410 78,
384 2358 570 2404 utriusque
592 2359 646 2394 rei
669 2366 770 2404 aptus
791 2362 920 2395 modus
942 2363 1163 2398 desideratur
1187 2367 1219 2406 1,
1246 2366 1304 2407 10,
1329 2367 1389 2398 22.
1424 2363 1479 2405 ‹gf-⁶
1493 2365 1530 2406 9,
1555 2367 1588 2405 1,
1611 2368 1648 2399 3.

152 2415 212 2438 res
237 2406 324 2438 duas
345 2415 385 2456 ¹¹¹.
411 2404 509 2438 omni
532 2410 614 2439 actu
636 2413 772 2449 spectet
793 2410 829 2450 2,
855 2410 912 2451 13,
940 2410 975 2444 8.
1002 2409 1048 2450 cf.
1076 2410 1110 2452 5,
1136 2411 1191 2451 10,
1215 2405 1272 2444 50.
1296 2413 1332 2452 7,
1353 2412 1389 2453 9,
1419 2409 1475 2443 14.
1510 2411 1548 2444 id
1570 2411 1648 2446 fieri

153 2450 268 2502 tribus
290 2460 445 2484 maxime
473 2451 581 2484 rebus
603 2450 640 2494 4,
665 2454 698 2494 1,
722 2453 756 2487 5.
782 2453 942 2488 omnium
963 2466 1083 2489 rerum
1107 2456 1271 2499 imperita
1293 2457 1419 2489 Domi
1427 2463 1452 2490 ι.
1477 2457 1514 2500 9,
1533 2457 1568 2502 3,
1591 2457 1649 2492 66.

154 2507 176 2530 a
204 2496 367 2540 qmbusd.
391 2500 468 2530 tota
493 2507 551 2530 res
574 2497 780 2541 repudiatur
801 2500 837 2541 9,
860 2502 897 2542 2,
922 2500 979 2535 69.
1010 2499 1056 2542 cs.
1079 2502 1115 2544 8,
1138 2501 1184 2544 6,
1206 2500 1264 2535 41.
1290 2507 1460 2546 quantam
1483 2513 1560 2537 rem
1583 2515 1648 2548 pe-

154 2547 231 2575 tant
258 2545 315 2584 12,
339 2545 397 2584 11,
423 2544 478 2576 10.
502 2543 600 2576 nulla
621 2554 681 2577 res
706 2550 771 2588 est,
801 2555 891 2589 quae
915 2553 978 2580 etc.
1004 2549 1038 2589 1,
1066 2548 1102 2590 3,
1124 2547 1159 2582 8.
1187 2546 1233 2588 qs.
1261 2549 1294 2590 1,
1319 2547 1356 2591 6,
1381 2548 1436 2584 16.

17 2582 19 2586 Α
40 2610 42 2613 -
108 2584 336 2628 Rescindo.
380 2599 425 2632 de.
448 2598 611 2633 rescissis
636 2596 857 2636 testamentis
881 2603 922 2646 5,
946 2606 987 2644 2,
1011 2606 1056 2647 1;
1093 2603 1186 2639 sicut
1210 2603 1358 2640 latentia
1380 2604 1471 2650 vitia
1506 2606 1646 2641 rescin-

153 2645 285 2678 duntur
307 2646 344 2688 9,
368 2647 404 2687 2,
426 2646 485 2680 93.

109 2686 330 2731 Rescribo·
377 2702 576 2737 rescribere
602 2703 786 2741 veteribus
809 2703 1031 2741 orationibus
1059 2709 1116 2751 10,
1140 2708 1175 2748 5,
1204 2710 1262 2743 20.

111 2752 314 2798 ReSGI'VO·
359 2775 587 2813 posterorum
610 2782 650 2806 ae
670 2771 811 2815 judiciis
835 2774 1035 2810 reservavit
1053 2778 1110 2819 11,
1131 2778 1168 2820 1,
1185 2778 1242 2811 10.
1266 2777 1369 2812 locus
1394 2776 1521 2821 majori
1543 2776 1644 2822 operi

155 2815 392 2850 reservandus
418 2819 463 2860 8,
488 2818 529 2860 5,
557 2818 615 2853 35.
637 2817 682 2859 cs.
709 2822 752 2863 1,
778 2823 823 2864 7,
845 2822 900 2855 32.
926 2822 1221 2857 reservandi
1250 2823 1487 2867 perorationi,
1513 2833 1557 2857 an
1580 2834 1645 2866 per
