1728 3002
694 216 844 259 Sermo
982 248 987 259 .
1440 217 1523 259 825

0 325 162 382 Sermo·
208 333 247 380 1)
270 345 335 382 quo
359 332 504 368 homines
525 331 612 366 inter
632 342 670 366 se
692 334 931 376 colloquuntur.
962 327 1004 372 ι)
1025 341 1056 364 c.
1078 330 1223 365 annm-e
1251 339 1324 376 quo
1346 328 1395 365 sit
1416 331 1523 366 abso-

38 383 149 419 lutius
171 391 223 417 os
247 387 283 416 et
306 379 512 425 expressior
532 388 679 413 sermo
700 380 734 420 1,
761 381 793 420 1,
816 378 875 412 37.
902 376 1100 411 communis
1128 388 1158 410 s.
1181 379 1215 419 2,
1244 379 1299 419 10,
1322 379 1378 412 13.
1405 381 1441 420 2,
1465 381 1523 420 21,

41 431 103 464 20.
130 427 191 463 bic
219 427 262 472 (ι’.
288 439 318 462 e.
347 423 518 469 manus)
547 423 634 459 mihi
667 422 824 458 omnium
856 422 1039 457 hominum
1076 422 1274 456 communis
1298 435 1328 457 s.
1358 423 1525 459 videatur

41 477 112 517 11,
135 475 178 516 3,
201 475 258 508 87.
284 471 482 518 cotidianus
507 482 536 504 s.
561 472 608 513 2,
635 468 679 512 4,
703 471 737 505 9.
766 468 811 510 cs.
835 469 880 512 8,
908 471 954 511 3,
977 469 1035 503 81.
1065 469 1109 511 8,
1135 469 1180 511 6,
1209 471 1266 503 51.
1292 471 1354 512 12,
1382 472 1444 513 10,
1466 469 1526 505 40.

30 528 74 554 e.
99 519 299 554 cotidianus
321 523 358 553 et
378 518 416 552 in
438 527 683 562 quemcunque
706 514 811 550 etiam
832 514 1058 549 indoctorum
1083 515 1214 548 cadens
1237 516 1278 557 4,
1303 518 1345 557 2,
1372 517 1428 550 37.
1461 527 1526 551 co·-

40 565 167 600 tidini
199 576 244 600 nc
273 574 415 608 semper
435 564 518 597 eod.
542 563 650 596 modo
671 560 815 596 formati
839 572 869 594 s.
892 560 1072 594 fastidium
1095 563 1140 602 9,
1169 562 1210 602 3,
1235 562 1268 597 3.
1308 561 1397 595 nihil
1418 573 1527 606 supra

41 611 260 646 cotidianum
281 621 311 645 s.
336 609 497 644 attollere
519 611 563 651 2,
585 607 628 651 4,
651 609 686 643 9.
713 607 749 641 in
773 606 996 641 convictibus
1023 612 1059 640 et
1082 605 1260 640 cotidiano
1283 617 1312 640 s.
1338 608 1378 650 6,
1403 610 1444 651 3,
1467 611 1524 643 27.

42 655 90 699 cs.
112 656 148 707 ᾖ.
178 668 209 691 s.
232 655 389 703 vulgaris
427 667 503 698 opp.
538 653 739 698 eloquentis
771 652 928 686 oratio
958 655 1020 694 12,
1047 654 1109 694 10,
1133 651 1192 686 43.
1228 652 1256 686 si
1290 652 1470 698 antiquum
1494 666 1523 688 s.

42 708 168 736 nostro
193 712 437 746 comparemus
460 702 503 743 9,
528 701 572 743 3,
598 703 631 734 1.
655 699 699 741 cs}
725 703 757 743 1,
783 698 819 742 4,
845 700 898 734 19.
931 701 964 741 1,
989 700 1023 740 5,
1046 700 1103 732 62.
1128 699 1163 738 9,
1184 697 1218 740 4,
1245 697 1321 732 146.
1345 711 1373 733 3.
1394 701 1527 733 Roma-

40 759 110 783 nus
135 751 170 791 1,
191 749 227 791 ⁵,
252 749 308 782 58.
330 748 375 791 6,
402 750 446 790 2,
469 747 504 782 8.
531 748 587 789 10,
613 749 647 789 1,
672 748 751 780 100.
780 756 809 778 s.
836 743 985 778 Romani
1013 743 1115 788 copia
1139 747 1183 786 2,
1208 744 1271 787 14,
1299 748 1332 778 1.
1357 757 1388 779 3.
1415 746 1527 780 Attici

42 796 113 837 12,
138 795 201 838 10,
229 794 288 828 35.
313 791 430 827 Latini
455 803 486 827 s.
509 792 601 826 ratio
626 795 680 834 10,
706 795 738 835 1,
764 794 843 825 107.
866 789 1037 835 paulatim
1068 801 1097 824 s.
1123 790 1262 824 Graeco
1285 790 1324 824 in
1346 791 1527 835 proximas

40 839 152 876 Asiae
178 839 340 874 civitates
365 839 535 873 influente
560 841 626 882 12,
653 840 721 879 10,
747 838 804 871 16.
832 836 878 878 cs.
902 839 960 871 33.
990 839 1031 877 1,
1056 839 1095 877 1,
1122 839 1179 870 12.
1210 839 1250 880 1,
1276 838 1318 879 5,
1346 838 1401 872 58.
1425 839 1464 882 9,
1490 838 1527 883 4,

44 885 126 920 146.
157 895 282 920 eorum
303 895 468 919 sermone
492 889 650 918 utentem
673 884 875 925 (Tuscorum
899 880 975 925 etc.)
1003 885 1019 915 1
1035 907 1048 925 ‚
1072 882 1112 924 5,
1137 882 1194 916 56.
1249 882 1304 927 β)
1332 895 1392 926 per
1413 887 1527 918 varios

46 934 176 966 Cam.-
200 929 442 964 actionem
469 929 546 965 cic.
571 930 657 963 alias
679 928 779 974 quasi
802 939 1068 970 sermonem,
1091 927 1178 962 alias
1205 929 1529 972 eloquentiam

43 976 177 1022 quand.
204 975 366 1020 corporis
392 975 478 1009 dicit
501 978 557 1018 11,
581 977 616 1017 3,
642 978 674 1010 1.
699 980 833 1016 orator,
860 985 968 1017 quem
988 984 1062 1007 non
1085 973 1196 1018 magis
1211 985 1365 1018 unquam
1383 975 1422 1008 in
1440 987 1528 1009 cau-

42 1023 94 1056 sis
121 1020 313 1064 oratio,
354 1032 459 1065 quam
486 1019 525 1054 in
556 1021 663 1054 rebus
694 1019 881 1054 cotidianis
917 1030 958 1053 ac
984 1019 1187 1053 domesticis
1211 1030 1364 1054 sermo
1389 1021 1530 1056 deficiet

45 1070 104 1111 12,
123 1069 161 1107 9.
183 1070 244 1102 21.
268 1078 317 1102 ex
337 1077 402 1101 ore
426 1066 587 1101 Nestoris
610 1065 805 1099 dulciorem
826 1066 933 1099 melle
957 1066 1134 1108 profluere
1157 1075 1358 1100 sermonem
1383 1070 1438 1110 12,
1471 1071 1528 1111 10,

43 1113 106 1148 64.
136 1123 184 1147 ne
212 1124 243 1148 s.
269 1110 442 1147 subsultet
477 1111 668 1156 imparibus
705 1111 825 1156 spatiis
856 1122 899 1144 ac
926 1110 1046 1153 sonis,
1081 1110 1234 1145 miscens
1261 1112 1369 1158 longa
1406 1113 1529 1149 brevi-

45 1159 137 1201 bus,
169 1158 292 1205 gravia
313 1157 444 1201 acutis,
471 1165 532 1191 erc.
563 1163 601 1192 et
632 1157 880 1201 inaequalitate
904 1157 1032 1190 horum
1056 1156 1236 1199 omnium,
1271 1157 1363 1191 sicut
1385 1154 1528 1204 fiedum,

8 1236 11 1237 γ
42 1203 219 1238 claudicet
247 1207 314 1247 11,
336 1206 379 1247 3,
401 1204 460 1239 43.
489 1203 584 1238 inter
611 1204 791 1246 iuncturas
818 1201 991 1236 sermonis
1017 1202 1247 1236 revocabitur
1276 1202 1445 1253 (spiritus)
1470 1210 1528 1249 11,

45 1252 82 1294 3,
106 1251 170 1293 533
195 1249 253 1284 cui
278 1250 422 1284 dubium
446 1255 523 1292 est,
549 1249 634 1294 quin
656 1251 858 1283 sermonem
880 1247 989 1295 geniti
1011 1248 1173 1291 protinus
1198 1249 1360 1283 homines
1383 1251 1427 1284 ab
1453 1251 1530 1296 ipsa

43 1306 167 1331 rerum
190 1301 316 1330 natura
338 1295 540 1340 acceperint
562 1297 597 1337 3,
620 1298 656 1337 2,
683 1299 714 1328 1.
739 1293 902 1340 organis,
928 1293 1057 1337 quibus
1081 1306 1110 1327 s.
1136 1293 1288 1338 exprimi
1313 1306 1387 1329 non
1410 1303 1529 1341 potest

43 1343 91 1384 1,
117 1336 184 1386 10,
205 1343 264 1376 25.
289 1341 438 1376 interest
459 1351 728 1375 sermonem
751 1340 875 1377 finiant
898 1351 944 1373 an
965 1350 1078 1374 sens
1091 1351 1156 1372 um
1186 1341 1441 1387 (distinctiones)
1471 1348 1527 1388 11,

45 1388 91 1430 3,
113 1389 171 1422 37.
197 1398 278 1421 cum
301 1399 338 1421 s.
354 1387 547 1421 instituitur
571 1390 607 1428 2,
629 1386 664 1430 4,
694 1387 752 1421 15.
775 1385 939 1419 Latinum
967 1397 1015 1428 s.,
1044 1385 1105 1429 qui
1127 1385 1287 1429 pluribus
1309 1387 1348 1420 in
1369 1399 1437 1422 usu
1460 1396 1527 1433 est,

45 1433 108 1467 vel
136 1432 241 1467 nobis
262 1433 466 1467 nolentibus
487 1432 651 1476 perhibet
674 1436 715 1474 1,
740 1435 779 1475 1,
809 1435 863 1466 12.
895 1437 935 1465 ut
959 1433 1219 1475 quodammodo
1251 1443 1280 1466 s.
1301 1432 1417 1477 ipsum
1443 1447 1530 1480 pro-

44 1478 144 1513 ferre
163 1478 329 1514 videatur
353 1478 501 1523 (manus)
525 1482 586 1521 11,
610 1481 657 1522 3,
678 1480 736 1514 97.
768 1477 814 1519 cf.
837 1478 895 1513 66.
920 1488 992 1521 quo
1015 1479 1098 1511 loco
1121 1477 1346 1512 sustinendus
1370 1486 1406 1514 et
1426 1483 1528 1525 quasi

179 1525 315 1558 dendus
338 1537 367 1558 s.
393 1525 449 1567 sit,
476 1535 549 1568 quo
572 1525 802 1568 deponendus
826 1526 868 1556 ib.
893 1525 956 1565 353
982 1523 1190 1556 animalium
1214 1531 1379 1559 sermone
1403 1538 1531 1561 caren-

46 1567 136 1603 tium
156 1571 202 1603 ib.
227 1570 285 1604 66.
310 1569 356 1611 «ff.
378 1572 415 1611 2,
445 1571 504 1614 16,
528 1570 584 1604 16.
606 1570 776 1603 utendum
796 1569 903 1614 plane
924 1578 1090 1602 sermone
1110 1574 1150 1602 ut
1178 1579 1323 1603 nummo
1348 1574 1382 1615 1,
1408 1573 1443 1616 6,
1467 1575 1502 1608 3.

94 1658 156 1700 11>
177 1661 264 1693 ratio
288 1659 452 1703 loquendi.
479 1655 524 1701 α)
550 1671 580 1694 c.
599 1660 740 1699 Any-ib..-
769 1669 797 1692 s.
823 1657 947 1702 optimi
976 1661 1032 1700 10,
1055 1661 1091 1702 7,
1119 1662 1153 1694 7.
1179 1659 1383 1696 continuum
1412 1675 1442 1697 s.
1470 1667 1527 1709 11,

48 1705 97 1748 3,
120 1707 178 1739 37.
209 1716 276 1750 par
301 1705 370 1739 sibi
392 1716 424 1738 3.
452 1706 498 1747 1,
521 1706 588 1747 11,
610 1706 645 1741 8.
682 1716 711 1738 S.
737 1714 827 1748 puro
853 1710 889 1737 et
913 1704 1069 1738 dilucido
1095 1710 1131 1737 et
1154 1705 1339 1750 distincto,
1371 1715 1529 1745 ceterum

49 1749 196 1784 minime
220 1752 292 1784 lato
314 1755 513 1794 ornatoque
535 1751 576 1792 5,
601 1749 663 1793 14,
688 1752 743 1783 33.
770 1750 815 1791 cs.
846 1753 908 1792 11,
935 1753 974 1791 1,
996 1752 1053 1784 53.
1078 1751 1300 1786 doctissimus
1328 1765 1357 1787 s.
1379 1758 1413 1800 1,
1436 1759 1468 1798 1,
1492 1758 1525 1791 6.

50 1795 246 1830 eruditiore
272 1796 392 1840 aliquo
419 1807 448 1829 s.
473 1798 531 1838 12,
557 1798 592 1835 2,
619 1797 654 1830 3.
678 1795 904 1829 felicissimus
929 1807 959 1830 3.
985 1797 1020 1838 9,
1044 1795 1079 1839 4,
1106 1799 1164 1830 27.
1188 1798 1326 1835 fortuiti
1353 1811 1382 1833 s.
1413 1803 1530 1845 10‚⁷7,

53 1843 111 1877 13.
136 1841 307 1875 honestus
334 1853 364 1875 s.
389 1844 452 1884 12,
469 1844 520 1883 1,
542 1842 598 1875 30.
626 1842 810 1874 horridum
834 1853 863 1875 s.
886 1842 926 1883 9,
948 1840 993 1884 4,
1017 1843 1052 1876 3.
1077 1853 1106 1875 s.
1130 1843 1258 1888 longus
1281 1863 1328 1870 —
1350 1847 1471 1880 tardus
1493 1850 1530 1888 8,

51 1889 95 1929 2,
122 1885 179 1920 14.
210 1885 447 1933 negligentem
469 1897 501 1920 s.
526 1889 590 1930 10,
613 1890 656 1930 7,
679 1888 736 1922 28.
770 1899 800 1921 3.
826 1897 1055 1921 numerosum
1077 1889 1119 1929 8,
1142 1889 1186 1931 6,
1209 1889 1267 1923 64.
1298 1902 1327 1924 3.
1358 1898 1393 1925 et
1417 1893 1530 1928 doctis

50 1931 243 1978 probabilis
271 1938 307 1966 et
332 1933 458 1976 planus
478 1931 649 1977 imperitis
673 1934 708 1976 8,
735 1936 771 1976 2,
798 1936 855 1967 22.
879 1944 960 1967 clun
984 1932 1140 1968 sermoni
1166 1935 1265 1969 deest
1288 1936 1436 1981 aliquid,·
1458 1950 1531 1982 quo
1568 1960 1582 1963 -ν

51 1977 171 2013 minus
190 1979 317 2022 plenus
339 1978 385 2011 sit
406 1979 449 2021 8,
473 1979 519 2022 3,
545 1979 603 2012 50.
634 1978 857 2013 sermoni
883 1990 925 2014 ac
946 1979 1104 2014 verbis
1132 1992 1238 2023 quam
1263 1983 1419 2017 maxime
1443 1996 1532 2028 pro-

51 2023 140 2068 priis
163 2029 200 2057 et
222 2034 270 2057 ex
291 2035 359 2057 usu
385 2025 420 2065 5,
443 2022 501 2066 14,
524 2025 583 2058 33.
615 2023 660 2065 es.
684 2027 741 2068 10,
766 2027 800 2068 1,
823 2023 880 2058 64.
905 2036 936 2058 3.
959 2036 1068 2069 purus
1093 2031 1129 2059 et
1151 2026 1240 2060 nihil
1261 2039 1301 2061 se
1325 2039 1430 2073 supra
1451 2041 1532 2065 mo-

54 2070 138 2102 dum
159 2070 335 2103 extollens
357 2071 390 2112 1,
409 2070 446 2111 9,
463 2071 497 2103 2.
521 2081 556 2103 υ.
580 2070 734 2103 Purus.
758 2082 789 2104 s.
813 2076 933 2104 rectus
956 2075 993 2104 et
1014 2072 1209 2105 secundum
1234 2079 1393 2108 naturam
1420 2086 1533 2110 enun-

54 2114 161 2148 tiatus
183 2118 224 2155 2,
248 2115 292 2158 5,
319 2117 377 2148 11.
406 2113 573 2158 simplicis
595 2116 770 2160 sumtique
797 2127 818 2150 e
846 2116 1013 2160 proximo
1035 2128 1066 2150 s.
1089 2116 1132 2159 4,
1159 2120 1200 2159 1,
1224 2117 1281 2152 54.
1314 2131 1343 2153 3.
1373 2121 1470 2155 tenui
1495 2126 1531 2166 ὃ,

54 2162 90 2204 3,
119 2161 173 2194 18.
197 2166 252 2194 est
276 2159 371 2193 aliud
392 2165 497 2195 vetus
518 2171 683 2204 sermo,
712 2173 816 2206 quam
838 2167 944 2196 vetus
967 2163 1198 2206 loquendi
1225 2169 1530 2203 consuetudo

54 2209 91 2250 1,
114 2206 151 2248 6,
171 2203 229 2240 43.
254 2205 404 2240 vitiosus
426 2217 457 2239 s.
482 2207 517 2247 1,
541 2208 576 2248 1,
598 2204 642 2248 4;
671 2207 715 2240 ad
738 2206 890 2249 judicem
916 2207 1014 2240 omni
1039 2219 1068 2241 s.
1096 2208 1249 2251 directo,
1275 2221 1319 2244 an
1344 2212 1533 2256 aliquando

54 2261 186 2286 averso
210 2262 276 2296 per
300 2251 454 2295 aliqum
476 2251 690 2297 figuram-2,
714 2255 777 2295 13,
801 2254 837 2286 5.
862 2251 972 2295 cf..4,
997 2255 1038 2295 1,
1061 2254 1120 2288 63.
1149 2254 1188 2297 4,
1215 2258 1256 2297 2,
1285 2257 1362 2291 106.
1390 2270 1419 2292 s.
1445 2270 1534 2293 con-

54 2296 167 2340 juncti
188 2298 224 2339 8,
248 2298 282 2339 3,
308 2296 366 2331 40.
391 2308 421 2331 s.
445 2307 527 2330 cum
546 2296 622 2331 risu
652 2297 790 2341 aliquos
814 2298 1048 2332 incessentem
1076 2300 1111 2340 6,
1135 2301 1170 2342 3,
1193 2302 1250 2333 21.
1274 2313 1304 2334 s.
1329 2302 1535 2346 praeferen-

56 2348 129 2376 tem
155 2341 194 2375 in
218 2342 340 2376 verbis
364 2347 399 2376 et
423 2351 515 2377 sono
539 2348 575 2376 et
596 2353 663 2375 usu
685 2343 867 2387 proprium
896 2345 1026 2388 quend.
1047 2350 1187 2390 gustum
1210 2346 1316 2380 Urbis
1340 2356 1401 2383 etc.
1425 2351 1472 2393 6,
1496 2354 1531 2394 3,

58 2390 113 2421 17.
138 2399 167 2420 s.
192 2398 296 2432 quam
318 2386 472 2422 maxime
493 2393 650 2422 remotus
673 2389 717 2422 ab
742 2389 839 2422 omni
862 2389 1083 2423 affectatione
1108 2393 1149 2434 3,
1173 2393 1218 2434 8,
1242 2392 1300 2426 62.
1331 2404 1360 2428 s.
1385 2406 1404 2428 a
1428 2402 1532 2430 uatu-

55 2432 123 2468 rali
147 2438 183 2466 et
204 2432 389 2477 principali
413 2431 667 2479 significatione
692 2435 882 2468 translatus
907 2436 951 2468 ad
976 2434 1079 2469 aliam
1104 2439 1147 2478 9,
1173 2440 1213 2479 1,
1235 2436 1270 2471 4.
1297 2450 1326 2474 3.
1379 2439 1427 2483 β)
1459 2445 1532 2476 Νο-

57 2481 169 2512 minat.
194 2486 226 2512 et
251 2481 433 2513 Ace-usam
468 2489 497 2512 s.
524 2484 661 2513 constat
682 2479 841 2522 ratione,
864 2485 1056 2523 vetustate,
1089 2483 1315 2527 auctoritate,
1344 2494 1535 2522 consuetu..

57 2523 142 2558 dine
167 2526 209 2567 1,
234 2524 277 2567 6,
306 2527 339 2557 1.
363 2529 444 2558 uter
464 2523 510 2558 sit
537 2525 730 2558 secundum
752 2531 911 2559 naturam
932 2525 1044 2567 magis
1066 2538 1094 2560 s.
1116 2529 1152 2570 7,
1176 2529 1216 2570 9,
1242 2531 1297 2563 15.
1322 2542 1393 2575 quo
1417 2534 1534 2569 minus

57 2569 203 2613 adjuvat
227 2581 402 2612 sermo,
438 2580 587 2603 rerum
609 2570 818 2604 inventione
840 2572 1066 2617 pugnandum
1090 2578 1144 2606 est
1177 2577 1234 2617 12,
1259 2577 1323 2618 10,
1348 2578 1403 2611 36.
1433 2579 1534 2614 illum

0 2631 4 2645 ι
58 2615 243 2649 horridum
262 2627 306 2658 s.,
329 2622 369 2649 ut
390 2616 485 2650 forte
507 2615 653 2650 fluxerit
674 2616 710 2659 9,
733 2615 767 2658 4,
790 2617 824 2654 3.
848 2621 1014 2660 tanquam
1040 2618 1155 2652 omnis
1181 2631 1210 2653 s.
1234 2621 1360 2656 habeat
1384 2625 1533 2670 figuram

59 2661 104 2704 9,
132 2664 150 2694 1
165 2686 178 2704 ,
202 2664 259 2696 12.
294 2667 334 2695 ut
361 2671 520 2696 sermo
544 2673 753 2706 quacunque
781 2662 826 2695 de
848 2672 889 2696 re
918 2664 1134 2707 compositus
1157 2665 1473 2704 dicaturroratio
1497 2677 1532 2715 2,

9 2709 14 2717 ’
59 2708 120 2747 21,
145 2710 178 2742 1.
207 2711 247 2740 ut
268 2718 386 2751 neque
409 2706 524 2741 omnis
547 2719 576 2741 s.
607 2708 750 2741 schema
784 2709 976 2742 haberetur
995 2710 1036 2752 9,
1061 2712 1096 2752 1,
1119 2712 1174 2745 25.
1201 2710 1239 2745 in
1262 2714 1457 2750 obscenum
1479 2720 1534 2751 in-

2 2792 9 2796 .
60 2752 241 2803 tellectum
260 2764 288 2786 s.
310 2754 469 2788 detortus
492 2758 546 2788 est
566 2755 607 2796 8,
628 2755 669 2796 3,
694 2753 753 2788 44.
780 2758 876 2787 totus
906 2764 1017 2798 prope
1044 2761 1197 2791 mutatus
1221 2769 1249 2792 s.
1274 2765 1329 2793 est
1357 2764 1400 2794 ib.
1421 2763 1479 2796 26.
1504 2777 1533 2796 s.

61 2806 158 2841 lpse,
180 2796 242 2842 qui
270 2798 377 2834 facile
407 2797 561 2844 judicem
595 2799 745 2844 doceat,
776 2799 950 2846 optandus
975 2802 1037 2846 12,
1061 2804 1124 2848 10,
1147 2803 1215 2847 56ς
1249 2805 1312 2850 qui
1335 2818 1536 2843 sermonem
