1728 3002
683 248 827 299 Lotus
1448 260 1529 304 497

0 388 20 400 -·
38 376 148 413 loeo
161 379 230 410 ‘ost
250 376 470 420 opportuna,
490 371 532 407 in
553 371 843 408 contentionibus
865 373 1014 424 ιιι-..11,
1030 372 1068 414 3,
1092 372 1171 407 128.
1205 371 1326 407 Metus
1347 372 1447 407 hunc
1467 373 1533 408 ha·

40 422 105 458 bet.
126 423 198 456 loc.
231 420 284 464 (ιίι
299 416 536 463 peroratione)
567 419 780 460 fortiorem,
813 428 919 463 quam
940 428 980 453 tn
1001 418 1188 462 prooemio
1212 419 1257 462 6,
1286 421 1326 458 1.
1351 420 1407 455 13.
1443 418 1530 453 mihi
1582 461 1586 463 ‚

1 473 3 476 ⁴
41 468 162 503 locum
190 466 335 513 signare
361 465 445 499 satis
479 470 535 499 est
568 468 613 508 1,
638 464 684 509 4,
709 468 766 500 17.
811 475 868 499 ex
890 464 998 500 loco
1020 464 1357 504 transferunturjn
1382 466 1531 501 locum

0 543 2 550 .
40 513 172 557 (verba)
195 514 238 555 9,
261 512 303 555 4,
327 515 384 547 27.
419 512 587 546 transfert
608 513 759 547 verbum
786 521 835 545 ex
858 520 925 546 suo
949 511 976 545 1.
999 509 1038 544 in
1060 510 1215 545 alienum
1237 512 1280 552 9.
1304 513 1336 552 1,
1363 511 1397 546 6.
1423 510 1471 553 cs.
1494 512 1530 554 8,

39 561 83 603 6,
109 561 143 594 5.
173 569 292 593 rerum
317 569 360 592 ac
381 557 534 602 partium
557 557 604 592 in
625 558 764 595 locos
792 559 828 602 (i.
852 570 884 591 e.
908 554 1025 599 suos)
1053 556 1254 592 distributio
1278 560 1318 600 7,
1346 559 1382 598 1,
1407 559 1450 600 1,
1488 562 1531 591 et

41 610 165 640 totus
188 606 323 638 locus
349 606 395 647 9,
415 606 460 646 2,
485 603 541 642 15.
565 615 601 638 v.
625 603 688 640 Et.
742 603 787 648 ῥ’)
824 605 967 637 Abzat..·
1002 602 1191 638 inveniunt
1213 603 1261 637 in
1284 602 1450 639 omnibus
1473 602 1530 639 his

41 651 134 686 locis
156 651 287 697 figuras
308 651 344 693 9,
370 653 404 693 1,
429 648 487 683 24.
525 651 621 694 quod
643 651 803 685 seeundo
824 650 851 683 1.
876 647 1032 683 diximus
1058 651 1092 692 5,
1118 650 1161 692 5,
1189 652 1222 682 1.
1262 650 1306 695 5,
1330 652 1377 692 7,
1397 651 1456 685 20.
1490 650 1529 684 iu

40 698 127 732 loco
150 696 227 731 dixi
249 695 519 740 compositionis
547 698 603 739 12,
627 699 684 740 10,
706 697 765 731 ⁴3.
801 696 847 730 de
870 706 939 740 qua
961 705 1003 730 re
1026 695 1276 738 probationum
1295 695 1529 730 locodictum

23 748 100 778 ‘est
122 745 179 786 11,
203 745 240 786 1,
264 743 321 778 78.
347 741 391 783 cs:
419 745 453 784 7,
478 745 513 785 1,
539 742 596 776 16.
627 740 664 786 4,
688 745 724 785 2,
749 742 806 776 48.
842 741 880 775 in
904 742 968 776 illo
991 741 1134 776 testium
1157 742 1241 776 loco
1264 742 1300 785 6,
1323 740 1359 783 4,
1381 744 1416 776 2.
1451 741 1530 776 vim

42 788 206 824 Caesaris
230 795 291 822 etc.
320 788 531 832 quibusdam
554 787 593 821 in
624 788 717 822 locis
744 799 925 822 assumere
953 789 1018 830 10,
1040 789 1084 829 2,
1108 787 1170 823 25.
1234 786 1275 832 y)
1302 787 1397 822 hano
1428 786 1531 831 (rem)

38 840 254 870 muni-us
281 845 357 868 non
383 834 502 868 alieno
530 835 615 868 loco
642 834 771 870 videor
792 835 838 877 6,
859 833 902 877 4,
927 835 963 866 1.
999 838 1036 867 et
1057 834 1180 877 plura,
1212 834 1260 867 de
1282 833 1410 877 quibus
1434 833 1530 868 alio

41 881 162 918 loco.
187 881 221 923 5,
246 882 303 923 10,
327 881 384 915 60.
407 879 452 921 cs.
479 883 513 921 1,
538 881 570 919 5,
595 883 653 915 71.
683 882 718 924 5,
744 879 797 920 14,
819 882 878 914 32.
913 879 1049 926 fingere
1075 879 1164 914 hoc
1191 879 1297 913 1000
1321 884 1375 913 est
1398 889 1530 923 propo·

38 935 130 960 nere
155 926 288 970 aliquid
315 927 358 969 5,
383 928 450 970 10,
473 927 533 962 96.
557 925 602 968 cfi
626 927 662 967 9,
686 930 720 968 1,
747 927 805 960 13.
845 926 936 959 sicut
958 926 1032 959 hoc
1052 926 1137 960 loco
1162 925 1196 964 8.
1219 927 1255 967 3,
1278 925 1335 960 51.
1372 930 1413 958 ut
1435 925 1530 959 idem

104 997 114 1006 .
142 971 184 1006 in
206 973 332 1006 eodem
354 973 381 1005 1.
405 973 441 1015 8,
459 970 496 1014 4,
513 973 548 1009 9.
580 978 712 1018 negant
734 973 862 1006 eodem
886 973 912 1005 1.
936 982 1017 1006 esse
1040 970 1305 1014 judicationem,
1329 980 1403 1014 quo
1420 982 1530 1015 quae-

74 1017 195 1052 'onem
218 1018 254 1061 3,
277 1020 335 1060 11,
360 1019 415 1051 10.
446 1017 509 1051 illo
531 1018 614 1051 loco
638 1019 675 1060 8,
697 1020 733 1061 3,
757 1019 816 1051 51.
851 1017 950 1050 nullo
973 1017 1000 1050 1.
1022 1018 1057 1059 6,
1084 1020 1119 1059 1,
1143 1018 1178 1051 8.
1210 1018 1287 1050 ullo
1311 1017 1335 1050 1.
1360 1018 1396 1060 8,
1416 1018 1451 1059 5,
1472 1016 1529 1052 14.

39 1064 197 1108 quodam
218 1063 245 1096 1.
272 1066 331 1106 11,
354 1065 388 1104 1,
412 1064 471 1098 92.
507 1065 572 1105 11,
595 1066 641 1107 2,
666 1063 723 1097 14.
759 1062 843 1107 quid
868 1073 1014 1107 quoqne
1033 1064 1056 1096 l.
1080 1061 1235 1106 primum
1257 1060 1304 1096 sit
1331 1073 1375 1096 ac
1399 1073 1531 1096 seeun-

9 1122 15 1126 ·
41 1110 126 1143 dum
150 1111 208 1151 10,
231 1109 268 1152 7,
293 1111 329 1144 5.
353 1108 396 1150 qs
422 1111 467 1142 ib.
484 1108 518 1143 6.
548 1111 582 1151 7,
609 1112 645 1148 1.
669 1111 703 1144 9.
750 1110 820 1143 Sed
845 1109 937 1143 haec
961 1118 1027 1142 suo
1053 1119 1215 1153 quaeque
1239 1109 1323 1142 loco
1345 1110 1382 1151 2,
1400 1110 1456 1151 10,
1474 1109 1528 1144 15.

40 1154 87 1196 qr.
115 1157 150 1198 1,
173 1155 211 1197 8,
235 1157 273 1189 7.
307 1157 345 1198 2,
370 1156 427 1195 10,
453 1155 508 1189 15.
543 1157 580 1198 2,
606 1155 663 1197 13,
689 1153 745 1189 14.
780 1157 814 1196 3,
838 1157 874 1198 3,
895 1157 933 1189 2.
959 1154 1005 1197 14,
1025 1157 1064 1197 2,
1086 1155 1146 1189 62.
1170 1155 1250 1188 128.
1279 1154 1315 1197 8,
1339 1155 1376 1197 3,
1397 1154 1456 1189 85.
1493 1155 1529 1198 9,

43 1204 78 1244 1,
101 1199 139 1237 7.
177 1201 240 1244 10,
265 1202 306 1243 1,
330 1202 389 1234 21.
426 1202 482 1239 10,
508 1202 544 1243 5,
568 1202 627 1235 23.
654 1201 813 1246 Quarum
835 1211 930 1245 quae
954 1206 1049 1235 esset
1075 1198 1302 1242 observatio,
1339 1199 1414 1237 suis
1436 1200 1529 1234 locis

40 1246 192 1280 subinde
217 1245 433 1289 subjecimus
458 1248 514 1286 11,
541 1248 582 1288 1,
605 1249 640 1281 7.
674 1245 818 1280 utiliore
840 1247 865 1279 1.
887 1245 931 1288 4,
954 1250 999 1289 2,
1022 1247 1082 1281 83.
1126 1247 1171 1280 de
1193 1247 1262 1279 hac
1285 1251 1387 1289 parte
1411 1246 1529 1281 adhuc

11 1290 1447 1385 eger.sz1bz=.1khz3.{²,e.ffl;‡,„÷ff;242,apertum

127 1382 181 1426 Ὗ)
217 1385 255 1417 id
276 1362 365 1429 quo'd
390 1387 424 1416 in
446 1386 577 1427 scriptis
602 1391 661 1416 aut
683 1386 885 1418 orationibus
905 1391 1092 1427 tractatur,
1127 1387 1152 1417 i.
1176 1364 1215 1428 q.¹
1242 1384 1437 1416 materia
1468 1389 1528 1417 aut

70 1439 188 1464 enus.
237 1427 280 1473 ι)
303 1443 336 1467 c.
357 1430 466 1472 Adi„-
498 1431 523 1463 l.
550 1430 762 1473 conjunctus
785 1430 962 1474 superiori
984 1431 1026 1474 9,
1050 1433 1085 1471 1,
1111 1432 1141 1464 1.
1181 1441 1242 1463 res
1264 1439 1337 1462 non
1362 1428 1529 1464 diversae

14 1441 127 1511 'iguis
130 1475 247 1510 ntibus
269 1486 318 1510 ex
342 1476 433 1510 locis
448 1479 490 1519 =7,
515 1478 573 1516 10,
599 1479 655 1512 17.
701 1476 800 1511 Sicut
823 1477 863 1510 in
884 1475 1074 1510 tormentis
1097 1485 1260 1520 quoque,
1289 1473 1350 1519 qui
1375 1480 1430 1509 est
1455 1476 1528 1511 loc.

20 1520 347 1566 ‘irsqnientissimus
379 1524 422 1565 5,
443 1519 493 1565 4,
529 1524 563 1556 1.
604 1521 665 1556 hic
704 1522 788 1567 quia
817 1523 923 1557 latius
956 1523 1058 1556 fusus
1090 1527 1146 1555 est
1170 1523 1195 1559 1.
1219 1521 1423 1565 mixtusque
1446 1532 1527 1555 curn

27 1567 244 1604 *elocutione
265 1567 302 1611 6,
324 1567 360 1610 5,
385 1570 440 1602 11.
462 1567 591 1610 cs..11,
615 1571 649 1611 1,
673 1567 710 1605 5.
749 1569 795 1602 de
818 1574 947 1602 ornatu
969 1566 1142 1603 orationis
1164 1566 1313 1614 gravior
1337 1566 1529 1601 videbatur

29 1612 73 1648 Ἰ.
91 1611 136 1656 8,
156 1614 202 1658 5,
226 1615 286 1648 35.
309 1612 356 1655 qs.
380 1612 426 1658 4,
449 1614 508 1647 Pr.
529 1613 567 1647 4.
602 1614 765 1658 protinus
789 1614 826 1648 in
848 1614 1007 1659 aliquem
1028 1615 1161 1648 laetum
1187 1624 1230 1647 uc
1250 1611 1475 1657 plausibilem
1498 1614 1526 1648 1.

41 1659 235 1693 'excurrere
249 1657 285 1702 4,
305 1660 340 1700 3,
357 1662 390 1694 1.
424 1660 450 1693 1.
468 1659 657 1706 negotialis
677 1663 712 1703 2,
728 1664 774 1704 2,
790 1663 848 1695 13.
877 1662 962 1694 dum
973 1661 1047 1694 loc.
1066 1664 1303 1704 praesentem,
1322 1669 1397 1693 non
1415 1664 1527 1692 totam

36 1712 183 1738 ‘omum
196 1704 379 1739 intuentur
391 1705 426 1748 5,
442 1707 500 1749 13,
518 1707 575 1740 31.
593 1705 640 1748 cs.
656 1709 714 1748 10,
735 1709 771 1750 1,
785 1705 843 1740 34.
890 1705 930 1750 β)
958 1719 988 1739 c.
1006 1709 1109 1739 Pron.
1120 1720 1131 1739 .·
1156 1715 1271 1749 pauca
1293 1703 1438 1748 propria
1460 1705 1528 1738 hu-

39 1750 97 1794 jus
125 1748 199 1784 loci
229 1750 397 1798 attingam
427 1753 494 1795 12,
515 1752 561 1794 9,
589 1753 624 1786 1.
665 1753 763 1795 quod
787 1753 896 1786 modo
917 1752 1024 1795 hujus
1049 1761 1131 1785 esse
1152 1751 1225 1784 loci
1244 1750 1366 1795 potius
1391 1749 1469 1784 dixi
1490 1751 1528 1794 9,

39 1797 78 1839 3,
100 1794 160 1830 32.
190 1792 248 1830 his
274 1795 394 1840 praeci
418 1807 466 1830 ue
488 1798 514 1830 1.
537 1797 643 1831 utiles
669 1802 751 1831 sunt
772 1797 1059 1841 prosopopoeiae
1081 1797 1115 1835 6,
1134 1798 1168 1839 1,
1184 1796 1242 1830 25.
1286 1795 1357 1829 Hic
1374 1806 1530 1843 sequens

38 1839 67 1878 1.
89 1839 171 1874 ulis
193 1844 249 1874 est
267 1841 308 1884 ¹7,
327 1844 366 1884 2,
387 1807 447 1877 1³5.
475 1841 552 1876 Cic.
577 1842 697 1878 omnia
715 1843 887 1877 orationis
912 1842 1048 1876 lumina
1073 1840 1112 1875 in
1137 1842 1236 1875 hunc
1256 1841 1283 1875 l.
1306 1841 1468 1887 congerit
1492 1843 1529 1884 9,

45 1886 170 1937 1,.25.
225 1885 463 1932 Hermagoras
500 1887 616 1931 prima
642 1888 682 1922 in
708 1890 781 1923 hoc
806 1890 832 1927 l,
858 1887 980 1933 posuit
1003 1888 1168 1931 exempla
1193 1897 1242 1921 ex
1263 1887 1530 1931 quaestionibus

42 1930 130 1975 jum
152 1932 190 1972 3,
212 1930 249 1973 6,
272 1931 329 1966 59.
360 1930 550 1974 plurimum
570 1934 730 1976 referre,
758 1942 866 1978 quam
888 1945 969 1968 esse
991 1934 1030 1967 in
1049 1934 1122 1967 hoc
1142 1934 1169 1966 1.
1193 1934 1439 1978 quaestionem
1460 1944 1531 1968 ve—

42 1975 149 2010 limus
174 1978 220 2018 2,
245 1976 310 2016 19,
335 1978 354 2009 1
372 1977 421 2010 N.
465 1976 599 2020 aliquid
630 1983 750 2012 tamen
782 1979 904 2023 aliquo
935 1979 975 2014 in
1006 1979 1033 2012 1.
1066 1978 1195 2012 melius
1221 1977 1283 2012 alii
1311 1980 1379 2020 10,
1404 1981 1447 2021 2,
1470 1977 1531 2015 24.

43 2032 152 2067 quem
181 2027 324 2064 tropum
352 2020 464 2068 magis
495 2022 722 2064 affectamus,
752 2029 793 2059 ut
816 2025 951 2058 habere
973 2023 1184 2064 videamur,
1214 2034 1320 2068 quam
1341 2024 1416 2057 ullo
1440 2023 1479 2057 in
1500 2025 1529 2060 l.

29 2067 285 2102 'desideramus
316 2066 361 2109 8,
386 2066 430 2110 6,
456 2067 513 2101 38.
559 2068 660 2110 cujus
685 2067 758 2102 10οἰ
784 2074 838 2103 est
863 2069 971 2103 etiam
1000 2079 1200 2112 occupare,
1231 2079 1322 2112 quae
1354 2068 1532 2104 dicturum

41 2113 268 2148 facturumve
291 2112 533 2147 adversarium
556 2119 658 2156 putes
682 2114 724 2157 6,
749 2116 788 2155 1,
810 2116 866 2148 20.
904 2124 977 2158 quo
999 2114 1026 2147 l.
1050 2113 1214 2147 nonnulli
1236 2116 1532 2166 praetereundam

44 2158 286 2197 narrationem
311 2163 527 2202 putaverunt
548 2158 584 2200 4,
609 2162 644 2202 2,
668 2159 724 2194 66.
756 2169 829 2203 quo
851 2158 891 2192 in
912 2161 939 2193 1.
963 2158 1158 2206 Verginius
1178 2159 1315 2192 fallitur
1336 2159 1380 2203 4,
1406 2163 1424 2194 1
1438 2185 1450 2203 ,
1473 2163 1531 2196 23.

36 2203 91 2247 A.
114 2207 160 2248 7,
183 2206 230 2244 3,
252 2204 296 2246 93
335 2203 405 2237 hoc
431 2215 482 2238 ex
507 2205 637 2238 eodem
659 2206 683 2238 1.
706 2210 782 2247 est,
820 2205 916 2249 quod
940 2204 1032 2239 dixit
1054 2204 1096 2244 6.
1118 2206 1164 2247 3,
1187 2203 1245 2239 64.
1271 2204 1318 2246 cf.
1345 2204 1382 2249 6,
1408 2209 1444 2247 2,
1474 2207 1532 2243 15.

35 2247 106 2285 “ins
127 2259 271 2294 quoque
292 2248 383 2284 vitia
404 2254 487 2283 sunt
509 2250 622 2294 ejusd.
641 2250 733 2293 loci,
762 2251 792 2284 si
816 2249 979 2284 cadentia
1005 2249 1167 2284 similiter
1192 2257 1254 2284 etc.
1282 2251 1477 2297 junguntm·
1497 2253 1534 2294 9,

35 2293 82 2338 ¹4,
103 2293 165 2333 42.
197 2295 291 2338 loci,
316 2305 365 2329 ex
388 2295 515 2339 quibus
537 2301 746 2342 argumenta
770 2297 946 2330 ducuntur
971 2296 1006 2340 5,
1029 2298 1088 2340 10,
1116 2296 1196 2331 119.
1220 2294 1265 2338 cs,
1286 2298 1330 2334 ib.
1350 2297 1408 2332 95.
1435 2308 1534 2332 com·-

36 2341 147 2387 plura
180 2341 323 2384 dicunt,
358 2342 422 2375 sed
454 2351 503 2375 ex
526 2341 648 2386 paucis
677 2342 704 2376 1.
729 2342 835 2376 ducta
862 2345 906 2386 2,
930 2345 998 2385 17,
1024 2341 1078 2376 16.
1102 2352 1137 2377 v.
1160 2342 1307 2376 Duco.
1342 2353 1462 2387 neque
1481 2354 1534 2379 ex

38 2386 127 2430 ,aliis
148 2387 173 2422 1.
196 2386 290 2420 ratio
313 2393 599 2440 argumentorum
622 2387 696 2432 peti
718 2394 836 2432 potest
858 2388 892 2432 5,
918 2390 975 2428 13,
1001 2390 1034 2421 1.
1071 2388 1107 2431 8,
1125 2387 1183 2422 Pr.
1199 2390 1256 2421 22.
1293 2398 1375 2422 cum
1395 2388 1463 2423 nisi
1483 2399 1533 2424 ex

31 2441 33 2444 ·
89 2441 112 2466 o
136 2437 173 2467 et
194 2433 266 2467 hoc
289 2432 314 2468 1.
339 2432 428 2466 nihil
451 2433 495 2466 ab
521 2439 664 2467 oratore
686 2439 858 2468 tractetur
887 2434 924 2477 6,
959 2436 996 2475 2,
1033 2435 1093 2467 11.
1139 2432 1177 2478 y)
1204 2446 1266 2476 per
1290 2436 1434 2477 singulos
1459 2437 1535 2470 Ca-

47 2483 125 2512 sas.-
159 2478 383 2522 quaestio
406 2478 521 2512 omnis
545 2489 587 2513 ac
609 2478 744 2514 locus
766 2480 875 2513 habet
899 2490 999 2513 suam
1022 2478 1292 2522 dispositionem
1317 2481 1366 2524 7,
1396 2482 1454 2524 10,
1488 2483 1533 2524 53

35 2561 41 2567 .
94 2528 218 2558 tronus
241 2523 385 2558 instabit
409 2523 494 2558 huic
516 2525 556 2566 1,,
586 2530 626 2558 ut
647 2524 737 2558 nihil
760 2523 929 2560 credibile
963 2523 1009 2558 sit
1038 2525 1172 2558 factum
1204 2535 1284 2559 esse
1316 2524 1397 2560 sine
1427 2536 1535 2560 causa

32 2573 39 2582 “
74 2592 89 2612 ,
109 2571 147 2613 2,
168 2570 234 2612 36,
263 2569 320 2603 his
343 2581 412 2604 nec
436 2575 588 2623 status
619 2570 705 2605 satis
739 2571 900 2612 ostendi,
929 2581 999 2605 nec
1033 2580 1158 2623 omnes
1193 2570 1370 2606 contineri
1401 2571 1534 2607 10008

0 2653 5 2660 —
47 2615 683 2711 sermm..
702 2618 756 2697 5.».
769 2617 1139 2706 ...ψ
1155 2616 1371 2707 imiza,
1389 2620 1536 2707 ἓν..

42 2694 125 2754 'bct
146 2705 309 2752 oriuntur
331 2717 380 2742 ex
405 2707 688 2742 contradictione
711 2710 747 2750 3,
775 2710 810 2748 8,
834 2711 894 2744 27.
937 2714 978 2742 ut
998 2709 1136 2742 locos
1167 2708 1265 2752 ipsos
1289 2714 1326 2743 et
1358 2719 1535 2756 genera
1571 2742 1573 2745 .

201 2760 345 2795 possem
377 2753 599 2798 apertissime
623 2755 848 2788 ostenderem
872 2754 907 2797 5,
930 2755 989 2797 12,
1012 2754 1070 2789 15.
1092 2759 1174 2800 post
1197 2753 1370 2788 orationis
1392 2760 1429 2788 et
1450 2765 1536 2788 sen-

77 2831 103 2846 :A
130 2793 140 2802 ’
264 2797 396 2844 figuras
418 2798 560 2832 tertium
591 2801 721 2844 quend.
755 2799 897 2843 subjicit
930 2800 1003 2844 loc.
1037 2799 1075 2843 9,
1107 2802 1143 2843 1,
1176 2800 1234 2836 36.
1279 2801 1374 2843 100.,
1404 2799 1466 2845 qui
1494 2799 1535 2833 in

122 2881 127 2885 ,
181 2841 377 2879 Muraenae
398 2843 645 2890 copiosissime
668 2857 690 2881 a
710 2844 790 2882 cie.
811 2851 983 2882 tractatur
1005 2847 1041 2891 2,
1063 2844 1101 2891 4,
1123 2843 1183 2882 24.
1204 2857 1246 2881 v..
1267 2846 1461 2881 'rx-acto.
1495 2841 1535 2888 δ)

149 2910 232 2944 Lex.
262 2912 379 2954 Quint.
1216 2914 1265 2949 32
