1728 3002
511 183 648 228 'rena
683 209 740 217 —
768 180 1091 226 Testamentum
1480 177 1562 217 895

68 305 179 335 erra·
216 302 276 336 An
299 302 373 337 sol
399 300 515 346 maior
604 310 639 333 m
664 303 794 334 terra
814 299 864 341 7,
888 299 933 340 2,
961 295 998 331 6.
1022 298 1155 340 quanta
1177 303 1220 329 ea
1243 299 1337 328 terra
1360 290 1401 336 (ἱ.
1428 305 1458 326 e.
1482 293 1565 326 Bri-

44 350 58 357 '
73 353 212 391 tannim
248 350 317 391 Sp.
341 359 376 392 q.
399 347 439 382 in
461 358 503 382 ea
525 352 552 381 t.
595 349 632 389 7,
655 344 691 389 4,
719 348 743 379 2
766 348 807 378 Ζ.
836 349 882 386 t.,
910 353 1003 388 quae
1026 342 1189 387 neglecta
1213 346 1332 374 sentes
1356 349 1400 373 ac
1425 339 1564 381 dumos,

73 398 170 433 culta
192 396 330 429 fructus
357 399 454 428 creat
475 393 511 437 5,
536 395 591 434 11,
613 391 671 426 24.
706 396 731 425 t.
758 389 862 424 altius
887 389 1015 423 effossa
1043 386 1256 434 generandis
1279 385 1486 429 alendisque
1509 395 1566 418 se-

40 462 43 467 ·
72 442 227 479 minibus
251 440 441 475 secundior
463 439 503 474 fit
526 441 582 480 10,
605 440 639 480 3,
662 439 697 472 2.
725 442 750 470 t.
778 437 911 470 nullam
934 433 1153 470 fertilitatem
1175 434 1311 467 habens
1334 435 1371 474 2,
1399 434 1453 472 19,
1478 434 1513 473 2,
1538 435 1567 464 t.

74 488 216 525 steriles
243 488 301 521 Pr.
329 487 386 521 26.
418 491 548 521 terram
574 486 671 519 cultu
699 483 885 518 meliorem
909 487 945 515 et
966 480 1170 516 uberiorem
1195 479 1271 513 fieri
1296 480 1336 520 8,
1361 480 1404 520 3,
1427 479 1485 512 75.
1519 475 1566 518 cs.

75 536 170 578 2,·9,
191 537 236 575 23
269 538 296 567 t.
322 538 358 566 et
378 533 445 566 hos
471 528 602 576 (rubos)
626 535 771 577 generat
795 531 830 570 9,
856 528 891 571 4,
916 528 950 563 5.
985 537 1134 573 magnae
1156 536 1251 559 nunc
1280 524 1406 558 hiscite
1430 529 1455 557 t.
1480 535 1567 557 vers.

77 585 122 626 9,
146 583 188 623 2,
213 580 281 621 263
323 580 453 614 Genit..·
490 577 602 612 noxio
625 582 740 611 terrae
763 575 875 609 halitu
900 577 936 617 7,
963 576 1006 616 2,
1031 575 1064 607 3.
1091 578 1118 607 t.
1146 582 1329 606 mensuras
1352 574 1396 612 2,
1427 573 1484 613 17,
1509 569 1568 603 38.

77 635 105 666 t.
134 637 281 661 succum
304 625 349 667 8,
376 626 420 667 3,
450 625 486 660 9.
520 625 612 658 hanc
638 624 714 667 ejus
738 628 764 656 t.
790 619 970 665 (Atticae)
1002 620 1109 653 fidem
1141 618 1342 652 Menander
1370 615 1482 650 eludit
1511 617 1567 658 12,

77 677 149 716 10,
172 674 218 707 25
242 671 288 706 Ν.
319 671 444 705 orbem
467 675 581 704 terrae
607 669 653 712 (S
663 683 697 713 p.
723 666 915 711 terrarum)
937 667 972 710 8,
996 665 1032 709 4,
1058 667 1100 699 13
1118 669 1185 707 Ζ.;
1212 667 1399 698 Αοοιιεαι..·
1435 662 1464 696 si
1480 667 1570 696 Ater-

34 712 154 755 *i'ram
177 716 358 764 attigerint
382 719 398 750 1
414 742 424 759 ,
451 718 495 759 2,
518 718 553 750 7.
582 717 683 751 velut
706 720 732 750 t.
758 719 959 759 spectantes
982 715 1033 759 2,
1054 710 1100 756 4,
1126 713 1159 747 9.
1196 711 1293 756 quod
1317 708 1486 744 ceciderit
1518 707 1569 741 ad

76 772 105 800 t.
127 765 171 808 5,
195 767 260 804 10,
282 761 340 799 84.
367 774 486 804 casuS,
512 772 582 807 quo
608 762 646 796 in
671 767 698 796 t.
725 762 936 796 deferuntur
961 762 1001 802 1,
1027 761 1093 801 12,
1119 760 1173 792 10.
1208 755 1337 800 dejecti
1362 755 1399 789 in
1423 761 1448 790 t.
1472 752 1570 788 oculi

51 829 56 832 ·
79 815 125 855 1,
151 813 217 854 11,
245 812 280 845 9.
314 809 429 843 oculis
460 808 498 842 in
525 814 550 842 t.
577 807 704 843 defixis
729 810 793 849 11,
822 809 866 849 3,
893 806 971 841 158.
1003 805 1135 838 nullam
1170 803 1207 838 in
1237 809 1351 836 terras
1386 800 1571 844 despicere

78 855 342 903 providentiam
364 855 409 898 6,
433 854 494 890 Pr.
511 853 534 887 4
553 858 619 897 Ζ,;
650 856 765 888 Ablat.
779 868 790 887 .-
824 853 886 898 qui
912 858 1008 886 terra
1032 851 1199 885 dicuntur
1223 849 1293 883 orti
1315 851 1360 892 3,
1384 851 1425 891 7,
1450 848 1496 882 26
1520 847 1570 880 Ν.

78 905 116 938 111
142 909 167 937 t.
193 901 351 936 sentibus
376 912 418 935 ac
442 899 540 934 rubis
563 906 735 944 occupata
759 902 827 943 12,
855 902 897 944 1,
920 901 963 942 73
990 898 1104 932 mari
1130 909 1173 932 ac
1200 903 1330 932 terra
1356 898 1392 939 7,
1422 896 1487 939 10,
1513 894 1569 927 13.

78 949 223 985 coelo
245 953 468 992 terraque
491 950 548 990 12,
573 949 629 990 10,
654 947 710 984 19.

33 1005 267 1061 Terrenus·
305 1021 543 1049 terrenum
567 1015 684 1049 differt
705 1026 725 1048 a
749 1013 928 1048 marino
953 1015 987 1053 5,
1011 1015 1067 1056 10,
1094 1013 1151 1047 61.
1175 1011 1270 1046 sicca
1295 1009 1446 1044 terrenis
1470 1007 1572 1052 (con-

78 1061 227 1104 veniunt)
252 1064 308 1104 12,
335 1065 393 1104 11,
417 1063 472 1095 13.
514 1061 603 1106 Quis
627 1060 739 1095 nescit
762 1060 876 1106 ignes,
901 1064 1112 1103 aquasi—et
1139 1058 1199 1100 (ne
1218 1057 1368 1091 terrenis
1386 1053 1572 1094 immorer)

79 1108 192 1144 solem*
218 1109 408 1152 lunamque
429 1107 620 1151 aliquando
649 1113 684 1141 et
707 1116 840 1140 nocere
863 1108 898 1147 2,
928 1107 984 1147 16,
1013 1105 1059 1147 63
1086 1104 1116 1138 si
1142 1103 1315 1138 divina
1341 1102 1472 1136 nostris
1496 1101 1573 1134 ani-

79 1156 147 1189 mis
170 1153 292 1206 origo.
317 1154 535 1187 tendendum
562 1155 607 1187 ad
630 1153 819 1196 virtutem,
849 1163 918 1186 nec
940 1151 1182 1195 voluptatibus
1205 1148 1383 1184 terreni
1408 1147 1572 1192 corporrs

76 1200 308 1236 serviendum
330 1203 387 1243 12,
410 1203 446 1243 2,
470 1202 528 1233 21.

0 1296 3 1307 ἱ
35 1245 215 1289 Teneo·
264 1268 345 1292 cum
367 1262 624 1298 terremus,
650 1254 986 1290 confirmamus
1011 1256 1047 1297 3,
1070 1252 1106 1296 4,
1127 1254 1161 1287 3.
1187 1258 1322 1286 terrere
1345 1250 1489 1285 interim
1513 1250 1572 1293 jo-

81 1315 148 1339 cus
169 1309 223 1338 est
244 1304 290 1347 6,
313 1305 355 1346 3,
378 1305 437 1336 21.
461 1303 638 1349 fulgorem
661 1301 780 1336 inesse
808 1302 962 1345 (armis),
990 1300 1051 1345 qui
1074 1305 1207 1333 terreat
1232 1301 1294 1341 10,
1320 1301 1359 1341 1,
1385 1299 1440 1331 30.
1465 1293 1573 1330 animi

78 1349 314 1395 praestantia,
347 1359 454 1393 quam
482 1347 551 1383 nec
572 1353 688 1382 metus
712 1349 932 1395 frangat,
968 1358 1035 1381 nec
1064 1345 1269 1380 acclamatio
1294 1349 1488 1378 terreat
1513 1345 1571 1386 12,

78 1397 122 1438 5,
146 1398 180 1430 1.
206 1397 270 1431 vel
291 1394 494 1430 terrenti
519 1393 727 1438 optimates,
751 1395 813 1430 vel
839 1396 908 1438 jam
931 1392 1120 1428 timenti
1145 1396 1179 1437 1,
1207 1394 1262 1435 10,
1289 1392 1349 1426 28.

0 1490 3 1491 ⁷
33 1450 279 1503 Terribilis.
326 1464 456 1498 horror
477 1462 539 1498 ille
566 1468 653 1498 terr.
677 1464 734 1506 11,
759 1464 794 1506 3,
822 1462 901 1497 160.

75 1533 210 1611 ecrl‘oll'·
225 1530 518 1610 416ἑτο1ἰ12ἶ6611
539 1530 654 1564 oculis
676 1529 824 1564 terroris
851 1529 986 1574 aliquid
1008 1531 1044 1573 8,
1068 1531 1102 1573 3,
1128 1529 1161 1564 5.
1190 1526 1412 1562 examinatae
1435 1531 1574 1559 terrore

74 1606 77 1613 ,
120 1589 138 1609 ο
151 1588 170 1608 e
193 1599 203 1608 .
259 1601 270 1619 ,
326 1601 337 1617 ,
433 1599 443 1608 .
1287 1580 1291 1585 ’

103 1621 223 1663 ttius·
270 1631 312 1675 α)
335 1632 372 1665 111
394 1631 500 1665 tertio
524 1632 569 1665 de
594 1625 747 1666 Oratore
771 1631 821 1665 ita
846 1631 1017 1675 scriptum
1041 1636 1096 1664 est
1114 1630 1149 1672 9,
1168 1631 1203 1672 1,
1222 1629 1280 1664 25.
1303 1641 1319 1661 s
1340 1628 1478 1662 literam
1501 1633 1577 1660 ter-

85 1727 121 1767 1,
144 1725 180 1767 5,
203 1726 259 1758 30.
312 1723 362 1768 β)
391 1734 501 1767 seque
524 1734 606 1757 eum
629 1723 772 1757 tertium
797 1735 876 1758 esse
900 1723 1069 1757 credebat
1091 1728 1174 1766 post
1196 1722 1329 1755 Sullam
1353 1720 1576 1763 Cinnamque

56 1782 68 1792 ⁷
85 1771 207 1811 5,‘1o,
231 1771 289 1803 30.
322 1769 466 1805 tertium
489 1779 576 1802 mox
600 1770 805 1812 adjecerunt
831 1768 1147 1815 genusjthodium
1173 1770 1237 1810 12,
1263 1769 1324 1809 10,
1353 1767 1409 1801 18.
1437 1766 1577 1800 tertiam

86 1814 256 1858 deinceps
278 1825 469 1858 personam
493 1814 618 1848 induat
640 1815 766 1858 judicis
792 1818 858 1858 12,
881 1817 926 1858 8,
953 1815 1008 1850 15.
1030 1825 1090 1848 res
1115 1814 1209 1847 iuter
1232 1823 1271 1847 se
1295 1812 1448 1856 similes,
1486 1822 1578 1852 con-

83 1861 197 1896 fessio
220 1860 309 1894 nihil
335 1861 519 1903 nocitura,
544 1867 590 1895 et
610 1861 820 1905 concessio,
844 1861 991 1896 tertia
1019 1861 1210 1895 consensio
1233 1860 1276 1902 9,
1299 1861 1347 1901 2,
1372 1861 1427 1893 51.
1473 1858 1576 1901 Quae

87 1906 295 1951 ambiguitas
317 1906 478 1950 plurimis
499 1906 614 1940 modis
638 1907 784 1941 accidit:
809 1908 904 1941 unde
920 1908 999 1942 fere
1017 1907 1098 1940 lites
1113 1926 1159 1931 -—
1175 1917 1255 1939 cum
1273 1912 1335 1939 eie.
1359 1904 1417 1938 Al
1477 1915 1576 1937 rum
1619 1931 1625 1934 .

51 1991 68 1998 a
87 1959 162 1997 est,
185 1953 225 1987 in
248 1962 320 1997 quo
344 1952 412 1986 alia
432 1952 571 1999 integro
595 1954 708 1988 verbo
732 1953 943 2000 significatio
967 1959 1040 1996 est,
1069 1952 1139 1986 alia
1164 1950 1295 1985 divisio
1317 1969 1371 1983 -.
1448 1949 1577 1986 ertia

87 2005 142 2034 est
165 2010 213 2032 ex
237 1998 442 2042 compositis
465 2002 501 2042 7,
518 2000 553 2041 9,
575 1999 596 2034 5
614 2000 662 2033 N.
692 1999 768 2042 ejus
795 1999 931 2043 primi
954 2005 1035 2033 sunt
1058 1999 1187 2045 gradus
1207 1997 1244 2030 in
1262 2007 1328 2038 eo,
1354 1997 1450 2040 quod
1468 1996 1575 2038 velis,

87 2045 346 2090 exprimendo,
369 2044 559 2087 tertius,
585 2045 647 2089 qui
668 2046 759 2080 haec
781 2045 949 2080 nitidiora
971 2045 1078 2079 faciat
1101 2046 1143 2083 8,
1169 2046 1212 2085 3,
1240 2043 1297 2081 61.
1326 2054 1360 2076 v.
1380 2041 1578 2076 Primus.

87 2093 220 2126 Unus.
236 2135 243 2142 ¹
269 2090 315 2133 r)
339 2090 480 2124 Nemr..·
514 2092 821 2135 eumquaerimus
847 2093 891 2125 de
916 2091 1088 2137 ambiguis
1112 2090 1221 2136 signis
1247 2088 1428 2122 cruditatis
1453 2094 1488 2122 et
1511 2099 1577 2123 ve-

88 2136 186 2178 neni,
210 2137 299 2170 1111111
322 2136 462 2170 tertium
486 2142 540 2170 est
563 2140 599 2179 7,
623 2141 658 2179 2,
686 2140 740 2172 13.
764 2139 858 2172 inter
883 2137 1015 2184 gracile
1032 2136 1260 2179 validumque
1283 2141 1308 2168 t.
1335 2134 1466 2178 aliquid
1489 2145 1578 2168 con-

85 2183 249 2217 stitutum
280 2187 335 2215 est
358 2185 423 2224 12,
455 2185 522 2224 10,
545 2183 602 2217 66.
645 2184 703 2216 Ex
728 2183 905 2228 contrario
928 2195 1002 2218 non
1030 2194 1102 2216 una
1133 2181 1283 2226 species.
1325 2182 1449 2224 Neque
1482 2180 1576 2214 enim

91 2227 304 2281 eom-modo
328 2227 419 2261 dixit
442 2227 498 2262 Au
549 2234 623 2262 stus
646 2230 829 2273 praefecto
852 2249 899 2255 —
922 2241 994 2274 quo
1020 2229 1130 2264 Galba
1154 2229 1322 2272 penulam
1346 2226 1498 2272 roganti.
1528 2246 1576 2252 —

89 2276 252 2308 Terumn
289 2274 404 2307 adhuc
431 2273 496 2307 illu
527 2286 536 2307 :
568 2275 610 2317 6,
635 2277 679 2317 3,
711 2274 768 2310 64.
802 2275 847 2317 cs.
884 2278 927 2309 ib.
958 2277 1015 2311 90.
1048 2279 1093 2318 7,
1127 2276 1168 2316 3,
1193 2275 1250 2307 23.
1282 2274 1318 2307 in
1349 2272 1577 2306 secundis

89 2319 325 2372 tertiisque
348 2319 544 2357 consistere
562 2323 620 2364 12,
644 2323 701 2364 11,
724 2322 782 2358 26.
805 2334 840 2356 v.
860 2322 1109 2357 Secundus.
1158 2316 1193 2360 ὃ)
1218 2321 1337 2354 Λᾶν..-
1362 2318 1576 2353 Tertium

64 2402 71 2405 ,
90 2367 312 2406 ει,Τ61·110
345 2377 379 2399 v.
402 2366 583 2399 Iterum.
1408 2385 1419 2390 —

44 2408 292 2453 Tesserula.
310 2421 360 2474 'si
383 2421 537 2467 quidem,
560 2422 686 2458 relicto
709 2434 828 2458 rerum
850 2424 1010 2467 pondere
1034 2434 1076 2458 ac
1101 2421 1219 2457 nitore
1245 2426 1441 2465 contemto,
1463 2426 1579 2456 tesse-

88 2469 186 2503 rulas
209 2466 266 2512 (ut
289 2473 337 2501 ait
357 2468 529 2512 Lucilius)
550 2474 663 2503 struet
684 2471 719 2512 9,
742 2469 778 2512 4,
802 2471 883 2504 113.

44 2511 192 2569 Testa·
227 2530 397 2559 testarum
419 2526 534 2571 jactus
555 2536 629 2560 non
652 2527 760 2561 habet
782 2537 916 2561 nomen
940 2528 976 2570 8,
1004 2529 1040 2570 2,
1065 2526 1099 2562 5.

41 2578 385 2645 Testamentum·
432 2599 456 2628 t.
480 2600 652 2638 apertum,
679 2594 855 2640 signatum
877 2594 913 2638 4,
937 2598 972 2637 2,
996 2596 1052 2630 87.
1077 2595 1123 2629 de
1143 2593 1306 2628 rescissis
1332 2599 1471 2638 pan-um
1494 2599 1578 2630 test.

47 2659 51 2663 -
89 2639 154 2690 ’φὶ
173 2645 297 2673 contra
318 2639 411 2673 filios
435 2640 651 2677 confirmatis
674 2643 715 2683 5,
738 2644 779 2680 2,
803 2644 837 2676 1.
862 2652 938 2675 11011
959 2641 1088 2685 justum
1111 2647 1139 2675 t.
1164 2646 1219 2676 est
1243 2642 1286 2683 5,
1312 2639 1368 2683 14,
1394 2641 1451 2676 16.
1476 2646 1501 2675 t.
1523 2642 1579 2675 le-

91 2683 194 2736 gibus
217 2685 310 2718 facta
332 2691 410 2719 rata
430 2685 502 2719 sint
528 2688 569 2729 3,
593 2687 641 2730 6,
664 2688 722 2723 96.
751 2687 943 2729 furiosum,
967 2697 1042 2722 non
1065 2686 1303 2721 inofficiosum
1326 2692 1352 2720 t.
1380 2686 1579 2730 reprehen-

93 2730 217 2781 dimus.
242 2733 363 2764 Asin.
386 2732 422 2774 9,
446 2734 481 2775 2,
505 2732 549 2774 93
578 2732 723 2768 libertas
745 2738 1034 2768 testamentorum
1058 2735 1092 2776 3,
1119 2734 1155 2776 6,
1182 2734 1230 2767 84
1246 2733 1317 2774 N.,·
1340 2743 1423 2766 cnm
1444 2732 1575 2766 milites

89 2784 220 2818 passim
247 2781 455 2812 testamenta
480 2778 643 2813 facerent
662 2781 707 2823 3,
730 2780 774 2823 8,
800 2780 855 2815 19.
888 2780 1069 2826 finguntur
1091 2785 1126 2814 et
1149 2784 1231 2814 test.
1259 2777 1322 2822 (in
1346 2778 1512 2822 scholis),
1536 2778 1575 2812 in

1002 2885 1016 2903 Α

81 1677 153 1712 tiae
178 1677 275 1712 dabit
304 1681 346 1720 1,
373 1678 417 1720 7,
444 1678 480 1713 9.
518 1682 578 1710 ant
599 1677 764 1722 proxima
791 1683 997 1719 extremae,
1031 1682 1090 1709 ant
1126 1677 1178 1709 ab
1211 1686 1254 1709 ea
1282 1674 1387 1709 tertia
1411 1667 1575 1717 (sy'uaba)
1639 1701 1643 1707 .
