1728 3002
603 25 756 69 Affleio
784 50 838 57 —-
867 24 1046 68 Affirmo
1531 24 1586 63 27

112 145 234 181 utrem
267 146 322 187 11,
347 146 383 186 2,
410 141 467 177 41.
494 143 637 175 fortuna
665 159 710 166 —
740 139 852 174 attulit
886 139 973 174 mihi
1008 134 1055 175 ex
1086 139 1142 173 lits
1172 137 1272 173 maus
1299 136 1524 172 uecurltetem
1547 135 1583 176 6,

111 192 170 225 Ρτ.
194 190 250 226 15.
283 191 417 224 ferrum
446 188 544 227 affert
570 186 683 221 oeulis
710 185 854 221 terroris
880 185 1012 230 aliquid
1035 188 1070 227 8,
1094 189 1129 228 3,
1157 186 1191 220 5.
1226 195 1316 229 quae
1338 183 1424 216 utile
1452 180 1583 226 aliquid

109 235 312 272 hominibus
335 234 524 269 attulerunt
549 235 585 276 3,
612 235 648 277 7,
674 234 709 266 7.
745 231 815 267 vit<
833 232 944 265 ullum
968 243 1015 266 ex
1039 231 1113 274 his,
1140 231 1200 275 qui
1224 235 1436 265 vetustatem
1461 233 1583 272 pertu-

109 282 246 323 lerunt,
283 291 390 326 posse
423 276 591 324 reperiri,
628 277 713 323 quin
754 276 923 322 judicium
956 277 1203 312 adhibentibus
1242 277 1481 310 allaturus
1519 273 1582 307 sit

72 329 82 333 ’
109 326 270 362 utilitatis
294 326 426 371 aliquid
450 328 506 369 12,
533 327 588 361 11.
611 326 667 359 31.
693 325 750 365 10,
775 326 810 367 1,
836 322 894 358 40.
932 324 974 357 ad
1001 323 1075 359 vim
1107 323 1257 367 pudicae
1288 320 1408 355 domui
1431 320 1582 354 afferen-

109 374 190 409 dam
215 376 249 416 1,
279 374 336 417 10,
359 373 416 407 32.
447 369 492 413 eff.
518 371 553 415 5,
579 373 634 409 11.
662 370 716 404 15.
750 369 864 403 oculis
893 369 1017 414 populi
1040 370 1142 405 Rom·
1168 368 1244 404 vim
1270 367 1384 402 attulit
1405 369 1441 408 2,
1467 365 1522 406 15,
1545 367 1580 398 7.

109 418 183 454 vim
209 418 315 453 rebus
339 417 532 453 verborum
556 415 633 460 ipsa
657 414 834 449 humilitas
858 415 957 449 affert
981 416 1014 455 8,
1036 416 1070 456 3,
1091 412 1150 449 21.
1181 423 1387 449 communes
1412 411 1484 445 loci
1505 422 1582 444 ma-

87 475 215 512 ⁴gnam
236 463 310 499 vim
333 462 458 498 animis
479 461 635 506 judicum
661 461 811 495 afferunt
838 462 872 504 5,
902 463 958 504 13,
981 463 1038 496 57.
1064 459 1108 502 cs.
1134 461 1170 503 6,
1197 463 1233 502 2,
1260 461 1294 495 5.
1325 457 1482 494 inventis
1507 456 1582 490 vim

107 509 284 544 afferimus
309 509 345 552 8,
366 510 425 543 Pr.
453 511 509 542 21.
538 518 606 542 nec
625 506 706 542 “vim
733 507 876 542 afferam
905 507 961 542 his
992 506 1195 541 nominibus
1219 506 1389 540 indecora
1420 504 1456 538 in
1483 502 1580 536 Lati-

107 567 191 590 num
215 565 415 590 sermonem
439 553 632 588 mutatione
653 556 688 596 2,
717 552 772 595 14,
799 551 835 587 4.
881 551 921 598 y)
949 566 978 587 ο.
1005 556 1184 596 Ρναεροεε.
1220 552 1253 587 ω
1282 555 1323 584 in
1351 564 1418 595 seq.
1443 551 1577 583 Amat..-

106 601 209 636 effert
232 600 271 635 in
293 600 350 635 his
376 605 592 635 momentum
618 605 656 634 et
678 603 773 633 aetas
796 599 833 641 6,
857 601 891 641 1,
914 598 972 633 24.
1003 598 1042 632 in
1064 598 1124 642 iis,
1154 603 1194 631 ut
1221 597 1351 631 laboris
1376 596 1429 630 sic
1451 594 1581 628 utitita-

107 646 151 681 tis
173 646 278 682 etiam
309 648 417 694 longe
447 645 635 690 plurimum
661 644 762 679 affert
792 644 891 678 stilus
916 646 972 687 10,
998 646 1032 684 3,
1062 647 1093 678 1.
1126 643 1170 685 cf.
1194 645 1229 687 5,
1257 645 1315 686 13,
1343 643 1399 678 53.
1434 641 1472 675 in
1497 651 1581 675 ora-

104 692 192 727 toris
214 691 336 727 officio
358 692 505 726 multum
530 692 677 725 allatura
697 690 868 724 momenti
890 693 925 730 7,
951 693 985 731 3,
1010 689 1072 732 143
1125 689 1167 734 b)
1196 692 1266 723 ad.-
1303 689 1348 724 ad
1376 687 1444 722 alia
1470 697 1581 720 unum

103 740 263 783 peratum
288 739 470 772 afferre
495 747 682 782 possumus
708 749 768 779 —3
803 737 951 770 alterum
976 735 1027 769 ibi
1055 747 1233 770 sumere
1262 738 1318 778 12,
1344 735 1380 777 9,
1411 734 1466 769 19.
1501 737 1582 765 uter

105 785 184 829 plus
207 784 398 819 industriae
425 788 484 816 aut
505 782 637 818 virium
660 781 705 816 sit
733 783 902 815 allaturus
927 782 971 815 ad
993 782 1229 816 accusandum
1251 784 1288 823 7,
1312 779 1349 823 4,
1372 779 1428 814 34.
1458 778 1582 813 afferet

103 830 150 864 ud
175 829 362 866 dicendum
395 839 501 863 curae
535 839 676 871 semper
708 833 876 871 quantum
905 827 1095 871 plurimum
1123 826 1253 871 poterit
1281 829 1338 870 12,
1366 827 1402 868 9,
1429 826 1484 860 15.
1523 824 1582 859 vi-

105 875 198 909 rium
222 876 302 919 plus
331 874 480 909 afferunt
512 875 557 908 ed
590 874 796 907 discendnm
829 879 865 907 et
891 873 1064 907 acriorem
1095 873 1249 906 animum
1283 875 1316 913 1,
1348 873 1384 914 3,
1416 871 1450 906 9.
1485 871 1582 914 quod

103 921 149 954 ad
179 920 430 964 judicationem
463 919 700 953 firmissimum
736 918 879 953 affertur
911 921 953 965 3,
987 921 1048 960 11,
1080 919 1116 954 9.
1150 929 1318 965 magnum
1351 918 1396 951 ad
1431 917 1580 950 salutem

103 971 322 1000 momentum
347 976 472 1010 preces
497 964 654 999 attulisse
676 965 712 1008 6,
736 966 770 1007 1,
796 966 853 999 33.
910 958 951 1009 ὃ)
971 977 1039 1009 neq.
1063 967 1164 999 Aac.
1197 977 1227 998 c.
1252 962 1335 1004 Ins.
1350 978 1360 998 .·
1396 961 1454 996 Ad
1479 962 1581 1008 cujus

104 1010 159 1045 rei
190 1010 493 1045 confirmationem
525 1010 696 1054 afferunt,
727 1011 934 1054 Demaden,
973 1009 1144 1058 remigem
1179 1016 1238 1044 etc.
1275 1014 1436 1044 oratores
1469 1007 1581 1042 fnisse

87 1060 144 1097 »2,
169 1058 226 1099 17,
255 1059 311 1094 12.

58 1097 230 1143 Afficio.
286 1110 330 1156 α)
355 1113 519 1146 abwme:
543 1110 683 1146 saltatio
708 1112 915 1156 frequenter
937 1110 1017 1146 sine
1038 1122 1133 1146 voce
1151 1110 1452 1158 intelligitur
1475 1116 1579 1153 atque

101 1157 269 1192 afficit
294 1161 358 1201 11,.
375 1159 410 1199 3,
436 1158 493 1193 66.
518 1158 611 1202 apud
638 1167 727 1202 quos
754 1157 996 1202 (philosophos)
1019 1157 1099 1193 vitii
1125 1159 1208 1192 loco
1235 1163 1289 1192 est
1311 1157 1406 1191 affici
1430 1158 1473 1199 6,
1492 1159 1525 1198 1,
1543 1159 1578 1191 7.

55 1207 57 1209 ’
101 1203 396 1247 afficiamur,
434 1209 623 1247 antequam
657 1202 871 1238 afficere
907 1214 1079 1238 conemur
1108 1204 1144 1246 6,
1177 1207 1212 1247 2,
1243 1205 1300 1238 28-
1338 1202 1507 1244 ai'i'ici,
1544 1208 1581 1236 et

100 1249 154 1284 ira
182 1249 245 1283 vel
276 1250 375 1283 luctu
405 1259 680 1293 permovere
715 1252 750 1291 2,
783 1251 838 1291 10,
870 1250 905 1284 8.
945 1249 1004 1284 hic
1040 1254 1175 1283 tantum
1213 1249 1472 1291 concitari,
1506 1247 1579 1282 illic

101 1294 245 1339 affici
278 1295 383 1329 debet
409 1295 445 1337 6,
477 1298 512 1338 2,
547 1293 601 1329 14.
638 1294 677 1328 in
707 1294 750 1328 iis
782 1294 934 1338 primum
961 1300 1016 1329 est
1040 1295 1156 1330 bene
1188 1294 1283 1328 affici
1315 1298 1373 1338 11,
1397 1297 1432 1337 3,
1457 1295 1502 1328 62
1530 1295 1577 1327 Ν.

64 1391 74 1401 π
101 1346 342 1430 2³25?ssssssss
348 1352 401 1420 ³1¹¹·
408 1340 522 1423 {ing}
545 1352 572 1421 ἒ
579 1339 638 1419 fii
646 1339 944 1420 ⁶2¹3¹¹1fi³22¹2i32i52
962 1340 1110 1431 {zofii'ie
1123 1341 1474 1431 ffibffi¹fp¹2¹12⁰2³ffi223
1492 1339 1580 1420 3³53·

333 1413 340 1419 ”
381 1411 390 1419 '
571 1412 582 1429 0
630 1411 642 1429 9
1562 1406 1581 1412 “

101 1431 203 1468 venit
224 1433 260 1474 6,
290 1435 325 1475 2,
349 1433 394 1466 36
417 1433 462 1465 Ν.
496 1442 565 1466 nec
594 1432 739 1465 fortuna
760 1433 868 1466 modo
899 1432 1041 1477 judicii,
1076 1434 1141 1466 sed
1165 1433 1325 1475 ipsorum
1357 1432 1484 1474 etiam,
1520 1432 1581 1475 qui

67 1482 70 1483 ⁷
101 1483 223 1520 orant,
259 1477 433 1511 afficimur
461 1477 598 1521 pericnl
658 1479 714 1520 to,
747 1480 782 1521 1,
810 1479 865 1512 16.
904 1478 1030 1512 circa
1060 1478 1238 1512 stillicidia
1267 1478 1363 1512 effici
1391 1479 1427 1520 8,
1452 1480 1487 1520 3,
1517 1476 1578 1519 14;

103 1522 148 1568 β)
173 1536 202 1556 c.
236 1524 333 1567 obj..-
356 1523 537 1570 fatigatio,
560 1488 798 1567 ιιῒιτροη,
826 1524 935 1558 afficit
960 1523 1106 1568 (vocem)
1134 1526 1191 1567 11,
1218 1526 1254 1567 3,
1279 1527 1334 1558 21.
1358 1525 1475 1558 minus
1501 1524 1581 1556 affi-

102 1568 152 1602 cit
177 1579 301 1602 sensim
325 1568 509 1616 fatigatio,
536 1580 642 1613 quam
668 1569 835 1614 cogitatio
862 1572 894 1609 1,
919 1573 975 1613 12,
1003 1572 1068 1611 113
1139 1571 1237 1604 hunc
1265 1569 1446 1613 (animum)
1474 1569 1581 1609 affici,

102 1615 198 1649 hunc
225 1614 414 1659 concipere
443 1613 615 1661 imagines
647 1625 770 1648 rerum
802 1618 836 1658 1,
861 1618 897 1657 2,
929 1617 986 1650 30.
1019 1614 1115 1649 affici
1149 1615 1286 1650 animos
1318 1615 1365 1649 in
1401 1615 1582 1650 diversum

102 1659 259 1694 habitum
291 1662 326 1702 1,
362 1662 419 1703 10,
452 1662 510 1694 25.
548 1660 579 1694 si
611 1661 724 1703 judex
755 1660 962 1695 afficiendus
997 1661 1118 1706 aliquo
1149 1662 1258 1696 modo
1290 1661 1357 1696 erit
1386 1661 1423 1704 4,
1453 1664 1488 1704 2,
1523 1663 1580 1694 21.

21 1750 26 1754 ⁴
101 1706 141 1750 ’1)
167 1719 197 1739 c.
222 1707 337 1739 Amat.
353 1719 363 1739 .-
394 1705 490 1739 affici
513 1716 650 1750 poena,
685 1706 844 1750 praemio
867 1709 903 1750 3,
928 1707 965 1750 6,
987 1705 1047 1740 42.
1078 1725 1124 1732 ——-
1157 1707 1372 1742 contumelia
1397 1711 1434 1751 9,
1458 1710 1494 1750 3,
1524 1709 1579 1740 13·

28 1759 61 1767 ‘⁸
89 1748 275 1795 ⁴supplicio
298 1750 523 1785 afficiendum
544 1752 578 1793 9,
602 1753 639 1795 3,
661 1752 720 1787 68.

59 1803 219 1861 Affigo-
269 1815 299 1858 Ι)
326 1821 484 1864 proprie.-
521 1830 616 1853 arma
642 1819 777 1863 templo
803 1817 912 1853 affixa
935 1819 971 1863 5,
998 1821 1032 1860 3,
1059 1819 1116 1855 36.
1145 1820 1294 1854 affixum
1315 1818 1452 1864 pectori
1480 1830 1582 1853 men-

103 1867 178 1894 tum
203 1864 261 1913 1·1‚
278 1865 319 1914 3,
340 1864 398 1899 82.
462 1863 515 1908 11)
541 1868 679 1898 transL:
705 1865 789 1898 satis
816 1864 976 1900 affixisse
1002 1877 1062 1900 eas
1086 1864 1233 1911 (literas)
1260 1865 1380 1910 pueris
1404 1868 1437 1907 1,
1466 1868 1497 1908 1,
1522 1865 1580 1899 25.

105 1917 196 1957 queo
220 1918 290 1950 ipsi
312 1916 602 1952 composuerunt,
636 1910 842 1944 familiarius
871 1910 990 1946 animo
1021 1922 1087 1945 suo
1119 1913 1264 1958 affigent
1287 1915 1322 1954 2,
1349 1915 1384 1951 7.
1410 1914 1443 1945 3.
1479 1911 1581 1955 quid-

46 1954 49 1987 ζ
106 1951 191 2002 quid
216 1952 371 1986 notabile
394 1960 468 1995 est,
492 1955 610 1988 animo
634 1954 822 2001 diligenter
846 1956 1000 2001 affigitur
1028 1960 1084 2000 11,
1111 1960 1146 2000 2,
1175 1959 1229 1992 18.
1251 1957 1364 2004 magis
1387 1958 1581 1990 haerere

105 2005 246 2046 ammo,
277 2008 368 2048 quae
403 1998 533 2032 diutius
563 1999 632 2032 eff
636 1999 712 2033 ixa
746 2000 817 2034 sint
838 2003 882 2034 ib.
907 1999 967 2035 44.
1002 2008 1165 2046 repetere
1191 2003 1330 2046 saepius
1363 2002 1447 2036 licet
1460 2027 1471 2043 ,
1502 2002 1581 2036 sive

105 2040 245 2127 (ὲώιιῑῗε
254 2066 282 2120 ,2
297 2053 377 2121 ⁸13v1e
407 2043 598 2077 memoriae
627 2045 774 2090 affigere
804 2045 896 2080 velis
929 2045 990 2090 (α.
1015 2051 1040 2081 1.
1066 2048 1206 2091 penitus
1230 2048 1350 2095 affig.)
1376 2050 1434 2090 10,
1461 2050 1494 2087 1.
1525 2049 1580 2084 19.

141 2107 154 2118 0
226 2111 238 2128 ’
286 2112 296 2130 ,
369 2109 380 2120 Ο

60 2133 251 2201 Affingo.
290 2142 412 2178 iicebit
433 2142 537 2178 etiam
563 2143 658 2177 falso
680 2144 873 2191 affingere,
897 2146 1071 2191 quidquid
1093 2147 1170 2182 fieri
1195 2149 1288 2182 solet
1313 2149 1350 2191 8,
1372 2150 1407 2191 3,
1432 2152 1488 2183 70.

58 2189 274 2233 Affimtas·
309 2216 354 2225 —
374 2198 555 2233 literanun
583 2202 617 2242 1,
639 2200 677 2243 6,
698 2203 757 2234 20.

61 2245 314 2288 Affirmatlo·
347 2255 545 2300 propositio
575 2267 657 2290 cum
684 2256 918 2291 affirmatione
941 2260 976 2300 2,
1002 2260 1059 2301 11,
1086 2261 1130 2293 27
1154 2259 1202 2293 Ν.
1231 2258 1275 2294 iis
1299 2259 1469 2306 ([Ab1m.]
1495 2276 1583 2307 quae

12 2309 15 2312 ’
105 2316 149 2337 ex
179 2300 469 2347 poeticis‘sabulis
493 2300 676 2345 ducuntur)
708 2302 825 2337 minue
855 2303 1096 2338 affirmationis
1121 2304 1305 2340 adhibetur
1328 2306 1362 2350 5,
1388 2307 1443 2350 11,
1467 2311 1511 2344 17
1536 2311 1583 2345 Ν.

107 2349 218 2383 altera
242 2360 290 2382 ex
316 2347 548 2381 affirmatione
572 2347 736 2391 probatio
763 2354 818 2383 est
849 2349 883 2390 5,
911 2352 968 2393 12,
994 2352 1052 2383 12.
1085 2351 1320 2394 persuadendi
1349 2352 1407 2388 vis
1441 2356 1513 2388 aff
1522 2355 1581 2389 ir-

106 2394 308 2430 matione
331 2391 443 2436 (Flor-
469 2392 755 2436 asseveratione)
780 2400 943 2438 constat,
974 2406 1064 2440 quae
1088 2396 1229 2430 interim
1255 2398 1334 2441 plns
1357 2398 1443 2442 ipsis
1479 2412 1583 2444 pro-

107 2439 378 2473 bationibua
407 2439 504 2473 valet
537 2441 595 2482 11,
619 2440 656 2482 3,
686 2438 765 2474 154.
798 2445 838 2473 ut
871 2451 945 2474 non
981 2441 1051 2476 hoc
1086 2442 1440 2478 affirmationis
1469 2457 1583 2493 genus

106 2486 375 2529 temperandum
397 2483 443 2517 sit
465 2483 581 2528 aliqua
602 2485 927 2520 moderatione
951 2487 1008 2528 11,
1032 2490 1067 2529 1,
1090 2489 1156 2531 283
1202 2501 1272 2533 seq.
1294 2492 1420 2525 Aecus.
1439 2504 1469 2525 c.
1496 2491 1580 2534 Inf:

105 2531 274 2576 *Frequens
298 2529 502 2571 affirmatio,
529 2529 728 2564 Effecturos
753 2541 843 2574 nos,
869 2532 966 2575 quod
991 2532 1146 2567 dicimus
1167 2532 1202 2576 4,
1228 2538 1264 2578 2,
1287 2535 1346 2570 79.

65 2583 260 2628 Affirmo·
306 2597 482 2643 Equidem
507 2618 553 2628 —
580 2596 927 2634 affirmaverim
952 2602 1007 2645 11,
1033 2602 1068 2643 3,
1097 2603 1132 2637 5.
1164 2612 1237 2637 nec
1266 2602 1444 2638 affimare
1473 2604 1586 2639 ausim
