1728 3002
135 175 220 215 452
507 231 521 242 s
653 170 820 213 Invidia
856 194 911 203 —
948 170 1166 214 Invocatio

129 285 316 328 Invidia.
371 294 550 340 duplicem
579 294 732 343 intelligi
774 295 967 340 invidiam,
1010 307 1163 342 namque
1195 298 1305 332 altera
1335 297 1519 344 invidum,
1563 301 1673 335 altera

175 343 396 378 invidiosum
420 342 506 376 facit
532 342 568 385 6,
593 344 628 384 2,
664 345 707 376 21
745 345 790 377 Ν.
841 343 875 387 I)
920 356 1015 376 sensu
1053 347 1186 378 activo:
1234 344 1380 388 pessimi
1423 344 1590 386 affectus,
1633 347 1673 381 in

176 389 304 434 quibus
341 395 422 422 sunt
445 390 536 429 ira,
581 388 754 433 odium,
782 389 964 424 invidia
989 396 1048 423 etc.
1073 390 1115 431 5,
1143 393 1199 432 10,
1224 389 1281 424 34.
1316 391 1360 432 cs.
1385 393 1447 434 12,
1473 395 1513 435 1,
1538 395 1572 427 6.
1607 393 1671 427 in-

177 435 413 482 dignatio,
459 434 734 477 miseratio,
768 434 971 478 invidia,
1006 435 1284 470 convicium
1323 444 1382 471 etc.
1420 438 1669 481 (egressiones)

175 481 210 523 4,
235 485 269 523 3,
304 484 358 515 15.
396 482 475 524 plus
508 480 756 515 invidiam
780 493 883 526 quam
910 481 1184 517 convicinum
1211 493 1336 527 posse3
1369 482 1451 517 'nam
1481 483 1667 520 invidia

179 527 427 570 adversarios,
458 527 727 562 convicium
751 539 819 562 nos
842 528 979 563 invisos
1004 528 1090 561 facit
1114 530 1148 571 6,
1170 532 1204 572 2,
1231 530 1287 564 16.
1315 541 1392 563 esse
1417 530 1539 564 nescio
1562 542 1667 574 quam

174 574 359 615 invidiam,
389 584 434 607 ne
462 574 554 606 ultra
578 579 698 607 nostra
723 576 965 617 provehantur
988 576 1022 616 6,
1051 575 1107 607 Pr.
1136 577 1179 608 10
1212 576 1258 609 N.
1295 576 1340 609 ad
1369 581 1531 619 posteros
1565 576 1667 610 vir-

175 626 250 653 tus
286 618 446 661 durabit,
486 630 559 652 non
591 620 781 662 perveniet
806 620 997 655 invidia
1021 622 1054 663 3,
1086 623 1118 662 1,
1146 623 1203 654 21.
1251 626 1287 655 et
1320 627 1484 665 potentes
1508 621 1667 666 sequitur

176 665 373 707 invidia,
410 671 446 699 et
479 666 630 699 humiles
668 666 925 701 contemtio
958 665 993 708 4,
1020 669 1053 709 1,
1079 665 1144 709 14;
1175 670 1269 712 quod
1296 668 1334 701 fit
1357 669 1417 702 vel
1439 667 1664 710 invidiae

175 713 286 758 gratia
317 713 380 747 vel
403 711 743 746 miserationis
766 712 802 756 4,
825 716 860 756 2,
890 713 968 747 128.
996 711 1040 753 cs.
1074 713 1110 755 9,
1144 716 1179 756 2,
1204 714 1238 746 8.
1284 713 1477 755 objecerim
1506 714 1665 749 invidiae

179 761 206 793 C
215 761 227 791 i
236 772 264 792 σ.
333 760 379 801 9,
429 760 473 797 3,
533 757 591 792 45.
651 759 777 794 Cicero
832 777 875 783 —
925 759 1165 802 respondebat
1210 759 1384 795 invidiae:
1442 759 1499 793 cui
1550 765 1667 795 tamen

175 815 250 838 non
275 804 343 837 fuit
370 815 434 847 par
460 806 516 846 11,
553 807 585 847 1,
615 805 676 847 183
713 810 747 839 et
784 805 891 848 joco,
939 810 975 839 et
1007 804 1165 847 invidia,
1206 811 1241 838 et
1279 805 1508 840 invocatione
1543 805 1666 839 inten-

176 852 261 885 dere
286 851 422 884 crimen
446 851 488 892 9,
513 852 555 893 3,
589 850 666 884 104.
709 851 846 887 invidia
870 862 1031 895 premere
1054 852 1178 884 maluit
1200 853 1234 894 6,
1263 855 1294 894 1,
1319 851 1354 885 4.
1380 851 1441 885 ubi
1467 852 1664 894 atrocitate,

172 896 372 939 invidia,
396 896 716 931 miseratione
736 899 963 944 pugnandum
986 903 1039 932 est
1055 898 1089 940 9,
1103 900 1138 940 3,
1160 899 1237 932 102.
1268 899 1403 942 duplex
1442 903 1496 932 est
1517 898 1666 932 misera-

174 943 237 986 tio,
265 944 375 977 altera
403 954 482 976 cum
502 941 547 976 in
562 942 709 985 vidia,
725 961 771 968 ——-
794 945 903 978 altera
922 955 1001 977 cum
1029 944 1371 988 deprecatione
1395 943 1582 978 demissior
1605 946 1663 986 11,

174 991 209 1032 3,
237 992 313 1023 171.
341 988 390 1031 11)
416 991 574 1032 passivo.-
602 989 873 1024 criminuminv.
886 1001 952 1034 pro
972 999 1036 1023 reo
1058 993 1135 1033 'est,
1173 989 1376 1035 priusquam
1400 989 1606 1034 probabitur
1627 988 1664 1033 4,

173 1038 208 1078 3,
233 1036 256 1069 6
279 1040 322 1069 Ζ.
353 1037 395 1068 Ν.
424 1034 467 1076 cs.
494 1036 535 1077 5,
565 1037 630 1077 13,
655 1038 689 1069 3.
738 1037 773 1078 6,
799 1038 833 1078 3,
869 1039 923 1070 10.
973 1036 1074 1082 gravi
1106 1046 1245 1070 morum
1279 1037 1405 1083 dignus
1437 1035 1573 1074 invidia
1606 1038 1663 1078 12,

175 1085 208 1124 1,
236 1081 279 1115 15
305 1082 351 1114 N.
381 1081 410 1114 si
440 1092 509 1125 qua
534 1087 587 1114 est
610 1083 662 1115 rei
690 1082 764 1116 inv.
794 1086 849 1124 11,
878 1085 920 1124 1,
956 1083 1020 1124 90;
1067 1083 1262 1116 elevandae
1293 1082 1451 1117 invidiae
1480 1082 1592 1129 gratia
1626 1082 1662 1125 5,

174 1130 230 1170 13,
255 1127 312 1161 40.
339 1126 511 1162 invidiam
536 1127 647 1173 gratia
671 1129 758 1162 facit
780 1129 823 1171 6,
850 1131 882 1171 1,
914 1127 969 1162 14.
1001 1127 1046 1169 cs.
1070 1127 1106 1170 4,
1131 1132 1165 1171 2,
1191 1129 1248 1163 69.
1277 1129 1322 1171 9,
1355 1131 1399 1170 2,
1431 1128 1489 1163 85.
1518 1128 1663 1172 paulum

170 1174 208 1207 in
233 1173 370 1207 invidia
400 1173 565 1206 facienda
588 1174 719 1208 lentior
746 1177 802 1217 11,
827 1176 862 1216 3,
890 1175 948 1209 63.
996 1180 1056 1208 aut
1079 1180 1235 1208 nostram
1257 1174 1457 1208 minuemus
1476 1173 1674 1216 invidiam„

175 1225 234 1252 aut
270 1220 376 1252 etiam
418 1219 456 1251 in
502 1218 684 1254 diversum
729 1231 807 1254 eam
838 1221 1095 1254 transferemus
1128 1223 1194 1263 11,
1235 1223 1276 1262 1,
1310 1220 1367 1256 64.
1396 1219 1568 1255 invidiam
1595 1219 1664 1253 sibi

172 1265 298 1310 quaeri
323 1265 366 1297 ab
393 1264 598 1298 adversario
624 1268 656 1306 5,
684 1266 719 1307 6,
746 1267 779 1300 5.
807 1266 852 1307 cs.
878 1267 911 1308 6,
939 1269 971 1308 1,
999 1269 1053 1301 17.
1077 1266 1152 1300 inv.
1190 1277 1332 1300 omnem
1357 1266 1394 1299 in
1419 1277 1499 1300 eum
1522 1270 1665 1311 regeret

171 1314 229 1354 11,
258 1314 291 1352 1,
318 1313 375 1343 22.
422 1320 551 1355 magna
575 1311 738 1353 responsi
762 1311 838 1346 inv.
864 1312 1047 1344 subeunda
1073 1318 1127 1344 est
1155 1314 1209 1351 12,
1245 1315 1277 1352 1,
1314 1310 1358 1345 14
1390 1313 1438 1345 Ν.
1472 1322 1530 1344 res
1555 1322 1664 1354 quas-

170 1368 240 1401 que
263 1356 301 1390 in
325 1366 496 1388 summam
522 1355 590 1398 ipsi
617 1355 806 1390 extulimus
830 1356 905 1391 inv.
933 1358 966 1396 8,
989 1355 1024 1399 4,
1053 1358 1104 1391 19.
1131 1358 1176 1389 ad
1207 1356 1663 1390 commendationem

171 1409 208 1438 et
231 1401 465 1437 invidiam
489 1402 586 1436 valet
610 1403 643 1443 5,
675 1404 728 1443 10,
753 1401 809 1435 41.
857 1402 1064 1435 insidiarum
1086 1401 1258 1436 invidiam
1281 1401 1319 1435 in
1354 1401 1520 1436 Clodium
1552 1401 1664 1436 vertit

169 1450 205 1491 6,
231 1450 265 1490 5,
291 1450 346 1481 10.
394 1447 501 1490 idque
525 1448 640 1490 ipsum
663 1453 849 1480 accusator
871 1447 910 1480 in
934 1447 1106 1481 invidiam
1135 1453 1284 1482 vocaret
1320 1448 1365 1490 6,
1399 1449 1443 1490 3,
1474 1448 1533 1482 60.
1581 1458 1663 1481 cum

169 1494 306 1530 invidia
329 1492 510 1527 caedentis
542 1492 709 1527 clamavit
747 1491 790 1535 4,
825 1496 868 1535 2,
904 1495 966 1535 13,
1003 1492 1197 1528 invidia
1229 1503 1336 1535 reus,
1371 1503 1418 1525 an
1449 1493 1582 1534 odio,
1617 1503 1664 1527 an

170 1545 416 1575 contemtu
439 1539 578 1572 laboret
603 1541 658 1581 12,
695 1540 730 1581 8,
761 1537 819 1573 14.
858 1551 893 1572 v.
927 1538 1127 1573 Laboro.
1173 1539 1241 1572 hac
1274 1537 1411 1580 invidia
1446 1537 1600 1582 opprimi
1627 1541 1665 1582 7,

172 1591 218 1630 2,
259 1588 316 1621 30.

123 1642 358 1684 Invidiose·
414 1653 547 1687 atrocia
570 1653 660 1688 inv.
687 1653 800 1687 tristia
822 1652 904 1686 mis
919 1650 1176 1686 erabiliter
1199 1651 1320 1685 dicere
1341 1649 1379 1694 4,
1405 1653 1442 1695 2,
1474 1653 1543 1685 120
1566 1652 1618 1685 Ν.

122 1699 379 1740 InVileSllS·
418 1714 474 1755 qui
500 1712 611 1743 odium
648 1713 795 1743 excitat:
833 1706 1006 1753 (invidia)
1040 1709 1150 1742 altera
1183 1707 1434 1751 invidum,
1462 1709 1572 1742 altera
1597 1708 1663 1742 in-

168 1757 407 1792 vidiosnm
430 1755 516 1790 facit
538 1757 573 1798 6,
600 1759 635 1798 2,
660 1759 726 1797 21;
764 1755 848 1800 quid
872 1754 1188 1797 invidiosum,
1211 1754 1505 1797 favorabile,
1538 1753 1662 1790 invi-

169 1815 281 1846 sum,
313 1801 598 1836 miserabile
625 1802 671 1835 sit
697 1803 733 1845 6,
759 1805 791 1845 1,
817 1804 874 1835 11.
899 1800 942 1842 cf.
970 1804 1027 1844 11,
1061 1803 1095 1843 1,
1119 1799 1176 1834 42.
1223 1799 1335 1834 invid.
1374 1799 1660 1844 implorationem

166 1851 202 1892 9,
227 1852 261 1892 2,
287 1850 344 1883 38.
391 1849 499 1882 rebus
523 1848 756 1894 indignis,
790 1845 1003 1890 asperis,
1035 1845 1301 1888 invidiosis
1332 1846 1367 1887 6,
1400 1849 1434 1888 2,
1465 1845 1522 1880 24.
1547 1845 1592 1887 cfl
1623 1846 1659 1889 6,

167 1895 201 1938 5,
226 1896 260 1930 9.
307 1894 395 1928 fecit
417 1904 551 1928 nomen
573 1894 731 1939 parentis
757 1893 831 1927 filio
855 1892 1074 1928 invidiosum
1100 1894 1157 1936 11,
1185 1894 1218 1936 1,
1241 1892 1299 1927 63.
1327 1892 1423 1926 Tum
1446 1891 1661 1928 invidio-

169 1941 303 1975 siora
328 1943 393 1984 11,
422 1942 464 1984 3,
500 1941 556 1975 50.
1143 1948 1146 1952 ·
1706 1947 1708 1952 ·

121 1984 311 2028 Invidus·
350 2010 382 2032 v.
412 1996 705 2033 Invidiosus.

118 2042 304 2085 Invisus·
352 2054 382 2088 si
407 2059 531 2088 contra
556 2052 712 2088 invisum
737 2059 799 2086 etc.
825 2057 989 2097 suscepta
1013 2062 1119 2086 causa
1143 2056 1198 2086 est
1223 2051 1266 2094 6,
1292 2052 1335 2094 1,
1367 2051 1424 2085 12.
1471 2049 1660 2085 hominum

166 2101 270 2135 nobis
293 2100 494 2135 invisorum
518 2102 573 2139 11,
602 2102 635 2142 1,
660 2101 722 2141 733
761 2098 799 2132 in
831 2098 957 2132 iisdem
992 2098 1007 2142 (
1015 2099 1215 2142 juvenibus)
1249 2097 1384 2131 siccum
1422 2104 1484 2131 etc.
1519 2096 1661 2130 dicendi

164 2147 386 2191 propositum
412 2147 622 2190 plerumque
651 2144 874 2178 affectatione
900 2145 975 2188 ipsa
1007 2143 1208 2178 severitatis
1244 2143 1400 2178 invisum
1436 2148 1490 2185 est
1522 2145 1589 2185 11,
1624 2147 1657 2195 1,

167 2196 223 2227 32.
261 2206 293 2227 v.
327 2191 611 2227 Invidiosus.
656 2196 768 2225 artem
792 2191 946 2234 superbo
969 2190 1113 2224 nomine
1138 2197 1198 2223 etc.
1225 2188 1377 2224 invisam
1404 2190 1460 2230 12,
1486 2190 1522 2230 2,
1544 2189 1578 2223 9.
1601 2198 1659 2222 cm

163 2239 293 2272 faciem
316 2240 412 2272 illam
438 2238 644 2272 invisam
669 2242 738 2280 atq.
765 2236 1116 2270 abominandam
1141 2246 1219 2268 esse
1244 2235 1436 2278 oportebat
1455 2235 1499 2276 8,
1531 2231 1566 2275 4,
1584 2235 1656 2284 ¹22.

162 2296 221 2318 res
245 2285 332 2318 mihi
355 2283 494 2319 invisae
522 2284 621 2318 visae
647 2288 728 2316 sunt
754 2284 838 2316 Cic.
863 2284 897 2324 9,
922 2282 957 2322 4,
982 2281 1024 2315 41
1060 2282 1133 2323 N.,·
1173 2279 1379 2315 convicium
1418 2289 1500 2312 nos,
1515 2277 1657 2313 invisos

159 2330 245 2364 facit
269 2333 313 2374 6,
346 2333 385 2374 2,
426 2331 470 2363 16
503 2342 539 2362 υ.
566 2328 767 2362 Invidia.
794 2327 838 2368 cs.
865 2330 907 2361 ib.
935 2326 988 2361 14.
1019 2328 1054 2370 5,
1079 2328 1135 2370 13,
1163 2328 1221 2362 38.
1269 2327 1487 2359 damnare
1517 2335 1597 2359 eum
1619 2330 1657 2359 et

162 2375 368 2410 invisum
393 2386 535 2420 quoqne
570 2375 747 2408 habere
776 2376 841 2415 10,
881 2375 922 2415 1,
957 2373 1035 2408 125.

118 2419 270 2460 InVilO·
315 2435 359 2467 ad
384 2444 533 2467 coenam
556 2431 725 2467 invitavit
749 2433 793 2473 7,
825 2431 868 2472 3,
901 2430 959 2466 33.

115 2486 293 2528 Invitus·
338 2513 384 2534 ne
408 2500 512 2536 inviti
536 2499 671 2542 judices
697 2497 841 2532 audiant
865 2499 900 2540 4,
925 2496 960 2539 5,
990 2497 1045 2531 19.
1073 2495 1118 2537 cs.
1147 2497 1202 2539 11,
1235 2498 1271 2537 1,
1305 2497 1361 2530 27.
1406 2492 1540 2529 invitus
1574 2491 1657 2528 ‹1500

164 2547 219 2586 12,
247 2547 280 2586 5,
309 2548 341 2579 2.
370 2546 413 2586 cs.
442 2549 495 2589 11,
523 2549 556 2588 1,
580 2546 637 2580 66.
661 2544 736 2579 inv.
765 2542 882 2588 perdit
904 2543 1053 2576 verbum
1079 2545 1141 2584 11,
1177 2546 1220 2585 2,
1253 2541 1311 2577 49.
1343 2539 1449 2574 inviti
1485 2539 1656 2578 recedunt

161 2593 218 2631 12,
245 2591 279 2631 9,
307 2594 367 2632 17;
402 2590 539 2634 (risus)
565 2590 716 2635 erumpit
740 2589 847 2623 etiam
881 2587 1003 2623 invitis
1041 2587 1186 2631 (coniec.
1211 2591 1324 2630 Reg.;
1363 2587 1466 2620 Codd.
1494 2583 1670 2635 int-ritus),

159 2646 268 2679 saepe
294 2636 329 2675 6,
358 2639 390 2675 3,
417 2638 439 2670 9
465 2639 500 2669 S.
537 2636 680 2679 invitis,
718 2637 815 2680 quod
838 2634 968 2679 prosit,
1010 2639 1222 2677 extorqueat
1256 2634 1291 2676 5,
1315 2634 1434 2674 7,<27.
1481 2630 1570 2663 nilnl
1594 2630 1653 2663 fa-

159 2681 227 2714 cile
251 2680 373 2714 invitis
398 2684 628 2724 persuadetur
650 2681 685 2723 4,
713 2685 747 2723 3,
775 2684 829 2715 10.
876 2681 1072 2724 irrumpent
1094 2680 1200 2714 etiam
1233 2680 1279 2713 ad
1313 2675 1447 2712 invitos
1485 2675 1648 2720 (quidam

161 2725 287 2769 pedes)
311 2728 347 2768 9,
368 2725 405 2768 4,
430 2728 493 2768 89,
526 2727 640 2761 invito
667 2726 812 2761 domino
837 2730 878 2769 7,
903 2729 938 2769 3,
961 2729 1018 2760 27.

110 2772 340 2813 Invocatio-
382 2784 481 2817 deor.
505 2783 579 2818 inv.
606 2784 640 2826 6,
679 2787 710 2824 1,
742 2786 803 2823 733.
851 2794 933 2817 cum
965 2782 1060 2818 idem
1091 2779 1214 2827 (Cic.)
1238 2779 1276 2814 in
1303 2779 1455 2814 eundem
1494 2776 1512 2823 (
1522 2779 1563 2812 V
1561 2777 1652 2818 err.)
