1728 3002
490 173 682 232 'regmen
711 197 767 206 -
797 169 1068 230 Temporulis
1457 171 1540 213 889

62 298 116 327 tas
138 296 183 335 2,
208 293 271 334 11,
293 290 330 326 4.
358 290 516 335 resupini
542 296 812 335 spectantesque
834 295 860 324 t.
884 292 951 329 10.
973 291 1016 331 3,
1038 288 1095 324 15.
1122 288 1167 322 ad
1190 294 1216 322 t.
1239 286 1354 333 erigat
1374 285 1541 330 (man-m)

6 348 22 380 ·;
61 341 119 382 11,
140 340 177 381 3,
201 339 280 372 118.
303 336 549 372 Alexandrum
569 336 718 382 sepelio,
743 337 815 371 boc
834 335 1016 381 quisquam
1037 334 1210 380 spectabit
1233 345 1254 368 a
1276 332 1361 378 (Sp.
1386 331 1421 378 e)
1445 339 1542 369 tecto

60 385 105 426 8,
128 386 172 427 5,
194 382 298 418 242.
328 395 349 417 υ
381 382 558 418 Paries.

14 426 224 485 Tegmen·
271 439 430 475 vestibus
456 440 602 485 pellium
624 438 780 486 tegmina
804 438 932 473 mutari
953 439 1001 482 9,
1023 437 1065 481 4,
1088 436 1124 471 4.

14 493 152 552 Tego·
196 514 320 556 tegere
347 519 436 552 nos,
460 509 556 554 quod
581 508 733 542 sciamus
756 508 877 542 credat
901 510 945 548 9,
970 510 1015 551 2,
1038 507 1103 550 763
1137 517 1339 541 aversae
1368 511 1543 541 tectae-

61 564 132 598 que
154 566 282 589 manus
305 556 341 597 9,
365 558 400 598 1,
422 557 470 589 20
487 555 533 589 Ν.
560 553 802 599 [lucubrantes
827 555 948 588 lumen
974 565 1085 587 unum
1107 553 1208 588 velut
1232 558 1346 588 tectos
1372 553 1432 598 (Z.
1455 553 1542 597 conj.

61 600 280 644 arrectos)
303 600 457 636 maxime
481 606 600 636 teneat
630 603 686 643 10,
710 601 744 643 3,
768 602 814 636 25
831 601 878 635 Ν.
906 613 955 635 ον.
982 607 1014 634 et
1042 601 1079 634 S.
1106 606 1137 633 ei
1162 597 1232 643 Η.]

13 642 196 702 Tegula·
240 660 284 701 1,
307 657 354 700 6,
378 659 425 701 33
448 658 495 692 N.
518 670 553 692 v.
574 658 758 705 Regula.

7 708 187 754 ‘Telum-
231 724 275 770 1)
296 728 451 770 proprie.-
474 715 572 758 'arcu
593 724 819 771 dirigentium
842 725 914 759 tela
940 725 984 767 9,
1007 724 1051 767 4,
1074 725 1110 760 8.
1141 725 1251 759 telum
1279 723 1313 759 ei
1336 736 1357 759 e
1382 723 1545 758 manibus

60 776 221 814 ereptum
246 777 300 806 est
323 771 382 816 (a.
407 776 429 805 1.
455 777 627 815 eruptum,
652 776 696 805 al.
721 772 881 813 erutum)
902 771 936 813 5,
963 773 1019 814 10,
1043 772 1090 806 69
1112 772 1159 805 N.
1186 784 1233 804 cr.
1262 771 1448 814 expulsuri
1474 772 1546 804 tela

60 818 127 860 10,
157 819 199 861 3,
221 818 255 852 6.
288 819 389 853 velut
414 818 527 851 fracta
556 823 615 851 aut
646 823 849 852 transversa
873 822 897 851 t.
921 817 1116 861 projeceris
1148 819 1195 860 9,
1218 816 1263 860 4,
1291 815 1345 850 14.
1375 822 1415 850 ut
1448 823 1547 851 certa

57 873 183 896 manus
204 874 278 897 uno
301 869 327 898 t.
351 863 465 908 possit
492 874 572 898 esse
593 869 779 906 contenta,
809 864 967 898 incertae
990 865 1091 907 plura
1116 864 1315 910 spargenda
1338 869 1420 898 sunt
1441 863 1485 907 4,
1511 864 1546 905 5,

60 908 118 947 14,
143 908 205 952 qui
226 911 329 944 velut
352 910 396 943 ad
420 910 558 943 arculas
581 911 726 952 sedent,
752 915 789 943 et
811 911 883 944 tela
909 909 1093 955 agentibus
1115 909 1394 943 sumministraut
1417 912 1484 953 12,
1509 911 1545 951 3,

57 953 94 988 4.
127 955 171 996 «J.
206 957 250 998 5,
276 959 322 999 7,
354 957 389 989 8.
422 955 483 999 qui
515 956 662 995 caedem
695 956 768 989 telo
806 966 1018 1000 quocunque
1052 955 1294 990 commiserint
1321 958 1387 998 10,
1416 959 1459 998 1,
1490 958 1545 989 12.

58 999 116 1042 11)
150 1005 298 1034 transl-2*
324 1001 447 1035 haeret
474 1011 725 1045 nonnunquam
748 1007 775 1035 t.
798 1001 888 1034 illud
918 1002 1119 1043 occultum,
1150 1008 1187 1036 et
1214 1003 1285 1036 hoc
1316 1001 1417 1046 ipso,
1449 1002 1546 1046 quod

58 1057 133 1080 non
154 1052 318 1091 apparet,
342 1046 453 1082 eximi
471 1058 545 1081 non
567 1053 686 1092 potest
708 1048 751 1089 9,
780 1050 823 1090 2,
847 1048 906 1082 75.

14 1101 304 1155 Temerarius·
344 1120 383 1147 ut
405 1124 472 1158 pro
498 1114 755 1149 temerario
779 1116 951 1149 fortem
972 1126 1146 1149 vocemus
1168 1116 1211 1157 3,
1233 1118 1280 1157 7,
1302 1115 1361 1150 25.
1386 1127 1419 1149 v.
1438 1116 1548 1149 For-

58 1160 130 1194 tis.
155 1160 186 1194 si
205 1159 390 1195 homicidii
413 1161 538 1201 (reum)
562 1162 788 1195 temerarium
807 1161 1095 1196 constituerimus
1115 1159 1152 1204 4,
1174 1163 1211 1203 2,
1235 1161 1293 1196 52.
1318 1160 1410 1204 ο]“.7,
1427 1164 1463 1205 2,
1487 1163 1546 1196 28.

31 1215 33 1217 ’
56 1206 247 1241 temerario
273 1206 440 1241 editionis
462 1208 603 1241 honore
628 1208 684 1241 Pr.
700 1208 737 1242 7.

13 1248 211 1292 Temere.
257 1263 302 1307 a)
323 1269 349 1297 t.
377 1264 596 1298 eredendum
623 1266 663 1304 1,
690 1266 735 1304 1,
759 1265 817 1300 31.
839 1266 880 1304 2,
903 1262 967 1305 14,
989 1262 1025 1297 4.
1054 1269 1082 1297 t.
1106 1268 1332 1306 comparetur
1356 1266 1398 1306 7,
1423 1266 1466 1305 2,
1488 1267 1546 1298 22.

57 1309 173 1342 finem
189 1309 276 1344 artis
299 1314 326 1342 t.
349 1309 620 1353 comprehendit
646 1313 681 1350 2,
707 1310 763 1350 15,
788 1310 824 1343 4.
848 1309 887 1342 in
909 1310 1017 1343 rebus
1039 1309 1277 1356 t..congestis
1302 1312 1358 1352 10,
1383 1311 1420 1352 3,
1441 1313 1496 1344 17.
1522 1316 1545 1343 t.

18 1348 30 1365 '
57 1354 191 1389 dictum
218 1359 283 1398 12,
305 1355 350 1398 6,
374 1357 408 1390 5.
433 1355 520 1388 mihi
542 1360 568 1389 t.
593 1355 772 1389 excidisse
796 1356 832 1398 7,
855 1358 900 1396 2,
924 1356 980 1390 52.
1008 1355 1045 1388 id
1067 1365 1143 1389 non
1166 1361 1193 1389 t.
1216 1354 1427 1389 intuendum
1450 1357 1486 1399 7,
1511 1355 1548 1399 4,

58 1401 96 1436 6.
122 1406 149 1434 t.
172 1412 294 1446 sparsa
315 1412 423 1434 manu
447 1403 506 1443 11,
530 1403 566 1443 3,
592 1402 671 1436 118.
698 1401 760 1445 qui
783 1406 806 1433 t.
831 1407 1004 1435 nocentes
1026 1412 1111 1436 reos
1133 1401 1331 1444 susciperet
1354 1405 1411 1445 11,
1438 1405 1471 1444 1,
1488 1402 1547 1436 74.

56 1447 233 1489 eiusmodi
252 1447 374 1493 figuris
399 1448 571 1481 utendum
593 1453 619 1482 t.
649 1457 723 1480 non
747 1458 827 1481 esse
850 1448 887 1490 9,
910 1451 947 1490 2,
970 1449 1030 1482 95.
1074 1447 1120 1491 β)
1145 1460 1179 1480 c.
1205 1448 1333 1489 Negat.
1357 1450 1382 1482 ἰ.
1407 1462 1438 1493 q.
1464 1461 1548 1481 non

14 1511 21 1521 ·
53 1491 235 1534 facile.-
268 1488 359 1527 illua
379 1492 604 1539 ingeniorum
626 1494 729 1528 velut
752 1504 912 1537 praecox
935 1504 1049 1540 genus
1073 1504 1163 1527 non
1184 1499 1212 1527 t.
1236 1505 1393 1537 unquam
1415 1505 1550 1538 perve-

15 1552 21 1556 ·
56 1538 111 1577 nit
132 1540 177 1571 ad
200 1540 339 1584 frugem
366 1542 401 1580 1,
426 1541 461 1580 3,
489 1541 523 1572 3.
1257 1555 1261 1559 ·

11 1577 268 1624 Temeritas.
303 1594 525 1628 temeritates
549 1594 600 1638 (in
620 1597 771 1626 clausula
793 1593 951 1637 positum)
973 1595 1009 1636 9,
1031 1593 1068 1637 4,
1090 1595 1149 1629 97.
1175 1606 1256 1628 cum
1278 1605 1345 1638 pro
1367 1600 1454 1628 tem
1463 1594 1551 1630 eri-

59 1644 163 1674 tate
190 1639 346 1675 virtus
377 1639 506 1673 dicitur
527 1635 791 1680 (κατάχρησις)
817 1640 863 1681 8,
886 1640 929 1681 6,
953 1641 1010 1674 36.
1045 1639 1134 1674 vitia
1158 1641 1459 1674 temeritatis
1484 1649 1547 1675 etc.

59 1697 139 1729 opp.
161 1685 409 1725 fortitudo
434 1688 491 1728 12,
518 1686 554 1727 5,
580 1687 604 1718 2
625 1697 660 1717 v.
682 1683 971 1731 Arrogantia.
1005 1688 1286 1730 extemporalem
1309 1692 1334 1719 t.
1358 1689 1424 1730 10,
1444 1687 1489 1729 6,
1512 1688 1549 1722 6.

59 1737 184 1765 nostra
205 1736 233 1764 t.
260 1731 367 1765 etiam
392 1742 512 1765 mores
543 1729 576 1764 ei
601 1729 757 1773 (oratori)
780 1731 966 1764 conabitur
989 1732 1075 1765 dare
1103 1736 1146 1766 12
1159 1758 1170 1773 ,
1199 1734 1256 1766 Pr.
1281 1731 1315 1765 4.
1342 1733 1560 1777 frequenter

61 1776 201 1855 sipetcies
227 1776 474 1818 libertatis
498 1777 675 1811 deducere
699 1777 743 1809 ad
767 1777 1004 1811 temeritatem
1026 1779 1119 1812 solet
1143 1781 1209 1820 12,
1232 1779 1274 1819 9,
1304 1779 1363 1812 13.
1390 1791 1425 1812 v.
1443 1780 1551 1814 Tar·

96 1833 110 1855 1
147 1832 209 1856 as.

15 1865 335 1922 Temperantia.
385 1880 447 1921 12,
467 1881 512 1922 2,
535 1881 580 1913 17
613 1891 647 1912 v.
670 1877 995 1936 Abstinentia.

15 1932 243 1990 Tempero.
288 1944 336 1989 α)
367 1959 397 1979 c.
419 1949 527 1980 Das„-
562 1945 592 1979 si
618 1945 765 1992 ingenio
795 1957 863 1981 suo
897 1953 1175 1991 temperare
1211 1946 1266 1991 (a.
1297 1953 1319 1982 1.
1349 1949 1550 1993 imperare)

62 2003 167 2037 qnam
192 1988 442 2038 indulgere
464 1992 646 2026 maluisset
670 1995 734 2035 10,
761 1995 803 2035 1,
829 1994 886 2028 98.
934 1993 978 2038 β)
1004 2007 1032 2028 c.
1054 1997 1203 2027 Aecus„-
1229 1996 1325 2038 quod
1348 2001 1474 2029 natura
1494 1996 1549 2030 rei

59 2038 146 2072 satis
173 2043 292 2081 aptum
316 2035 382 2080 est,
409 2038 478 2071 nisi
500 2039 608 2072 modo
635 2049 777 2082 quoque
800 2045 1029 2083 temperatur,
1052 2040 1200 2087 gratiam
1226 2041 1342 2084 perdit
1360 2044 1415 2084 11,
1438 2045 1472 2083 1,
1492 2043 1550 2077 91.

63 2083 110 2126 d.
135 2086 200 2126 11,
228 2086 270 2126 3,
295 2082 373 2118 184.
403 2090 443 2117 ut
465 2094 539 2117 non
561 2085 632 2118 hoc
656 2085 898 2119 affirmationis
921 2096 1034 2132 genus
1062 2088 1332 2130 temperandum
1358 2088 1405 2120 sit
1431 2088 1549 2132 aliqua

61 2129 310 2164 moderatione
338 2131 399 2171 11,
426 2132 467 2172 1,
491 2130 550 2163 28.
585 2142 618 2163 v.
640 2130 918 2165 Moderatio.
947 2131 987 2165 hi
1015 2131 1115 2175 (soni)
1140 2143 1222 2165 cum
1246 2135 1409 2178 augenda
1433 2134 1550 2168 inten-

62 2175 164 2210 tione
191 2175 469 2217 excitandi,
503 2186 583 2208 cum
616 2176 865 2210 summittenda
895 2183 979 2210 sunt
1004 2179 1304 2221 temperandi
1330 2182 1394 2222 11,
1419 2181 1463 2222 3,
1489 2179 1549 2213 42.

60 2228 263 2264 temperare
285 2220 384 2254 vires
408 2232 490 2254 snas
513 2223 556 2263 1,
581 2224 624 2263 2,
653 2225 716 2263 273
751 2226 898 2257 Partim:
923 2229 1140 2267 temperatus
1166 2224 1309 2270 sanguis
1334 2229 1372 2258 11
1387 2251 1397 2267 ,
1421 2227 1465 2267 3,
1490 2227 1549 2260 78.

61 2273 88 2302 t.
109 2277 187 2346 ἲς
210 2270 254 2300 ib.
281 2267 366 2309 1613
389 2277 528 2311 paeona
549 2267 800 2312 dactylumque
822 2274 863 2302 ut
883 2269 1150 2314 temperationes
1173 2270 1344 2305 brevibus
1367 2282 1409 2305 ac
1433 2272 1551 2319 longis

61 2315 98 2355 9,
147 2338 161 2354 ,
185 2314 243 2347 87.

17 2356 287 2412 Tempestas·
327 2373 575 2413 tempestatum
602 2369 702 2416 signa
727 2374 784 2414 12,
810 2374 868 2414 11,
891 2372 924 2406 5.
963 2373 1008 2405 ad
1031 2372 1194 2406 incursus
1221 2378 1470 2416 tempestatum
1496 2376 1550 2415 10,

56 2417 108 2458 ,7,
130 2417 164 2448 3.
203 2426 242 2448 se
269 2415 353 2451 dare
372 2414 475 2459 quasi
497 2417 781 2460 tempestatibus,
814 2428 886 2461 quo
909 2419 1054 2460 volent,
1084 2420 1316 2452 auferendum
1344 2422 1409 2461 10,
1432 2423 1466 2462 7,
1491 2422 1549 2455 23.

63 2471 146 2539 cu}
155 2459 308 2539 linitium
333 2473 354 2494 a
375 2466 583 2505 tempestate
609 2467 821 2504 sumserunt,
842 2462 1011 2497 incendio
1037 2469 1097 2497 aut
1119 2464 1222 2498 ruina
1239 2465 1365 2498 finiunt
1382 2467 1418 2509 8,
1434 2466 1470 2508 6,
1490 2468 1548 2501 50.

26 2538 33 2541 .
63 2517 98 2540 v.
175 2518 200 2539 u
211 2517 231 2540 c
241 2512 255 2540 t
265 2518 288 2539 n
295 2517 326 2540 s.

18 2547 262 2606 Templum.
309 2569 336 2596 t.
360 2561 516 2596 celebria
543 2566 577 2606 1,
600 2562 636 2605 4,
666 2565 720 2599 16.
749 2566 961 2608 templorum
984 2565 1209 2600 eversionem
1231 2568 1264 2607 5,
1287 2569 1343 2609 10,
1366 2569 1426 2603 97.
1454 2579 1549 2602 arma

63 2610 198 2652 templo
222 2609 329 2643 affixa
352 2608 503 2642 detraxit
527 2610 568 2651 5,
594 2612 655 2652 10,
682 2610 740 2644 36.
767 2610 900 2644 effusae
924 2621 988 2654 per
1011 2612 1137 2645 domus
1164 2623 1206 2647 ac
1230 2615 1360 2657 templa
1387 2614 1548 2648 flammae

8 2663 20 2670 ‘
64 2654 111 2696 8,
135 2655 181 2697 3,
205 2655 253 2689 68
276 2659 320 2689 Ζ.
352 2665 429 2688 rem
460 2665 596 2688 sacram
625 2656 669 2689 de
694 2657 826 2699 templo
854 2656 1034 2701 surripere
1056 2661 1100 2700 7,
1124 2660 1168 2702 3,
1195 2661 1249 2692 10.
1283 2671 1317 2694 v.
1337 2661 1490 2694 Tollo.
1519 2660 1549 2693 si

64 2709 254 2742 percussus
281 2701 326 2734 sit
348 2700 387 2734 in
411 2702 543 2744 templo
570 2701 605 2741 6⁷,
631 2705 664 2743 1,
690 2702 745 2736 16.

19 2739 306 2801 Temporalis·
347 2754 475 2792 πάθος
497 2759 694 2802 temporale
719 2769 799 2793 esse
820 2758 862 2802 6,
886 2761 921 2802 2,
947 2762 1000 2793 10.
