1728 3002
679 242 845 298 Quodsi
874 263 924 272 -·
955 240 1170 296 Quoniam
1611 243 1691 283 755

141 383 146 389 -»
208 364 262 395 est
287 356 500 404 amphibolia
521 361 556 401 ⁶7,
583 359 640 401 10,
668 359 701 392 1.
725 356 770 400 cj:
794 356 832 400 9,
855 359 891 401 2,
918 356 975 392 35:
1003 365 1139 391 novum
1164 367 1198 401 q.
1224 354 1362 390 initium
1385 354 1421 399 4,
1444 354 1480 400 4,
1503 355 1537 391 9.
1563 365 1689 401 quassa

206 418 240 450 q.
265 406 304 439 fit
319 408 430 447 (litera
439 403 492 449 F)
514 407 571 448 12,
590 406 646 447 10,
670 403 728 439 29.
747 408 837 448 estq.
855 404 1011 438 solutum
1034 413 1177 437 carmen
1198 405 1252 445 10,
1271 405 1305 445 1,
1325 403 1389 444 313
1415 414 1448 446 q.
1472 414 1527 447 up.
1551 412 1689 436 memo-

204 451 295 486 riam
320 450 466 496 deponit
488 448 674 495 (cogitatio)
699 452 764 494 11,
791 452 837 493 2,
860 450 895 485 3.
925 460 1006 484 cum
1032 450 1122 483 haec
1144 448 1182 482 in
1205 453 1399 492 conspectu
1426 459 1459 492 q.
1483 449 1689 482 collocave-

205 508 283 531 ram
305 500 341 540 7,
369 500 403 539 1,
426 495 460 530 4.
496 495 617 530 officio
642 495 744 542 fungi
768 506 804 539 q.
831 496 1118 541 paedagogorum
1146 497 1163 528 1
1180 519 1192 537 ,
1217 497 1259 536 2,
1289 496 1344 528 10.
1368 494 1455 527 illud
1478 499 1591 538 patet.
1619 495 1689 527 hoc

206 554 247 577 ⁸⁹
274 555 309 623 3·
331 541 484 622 ⁰⁸¹?ndi‘
506 541 1219 622 ῗέεέῗἐῗῒεΨόωὲωὲἓέᾚξῖθέὲῖ
1243 541 1284 584 ³'
1306 539 1622 620 {assslzltiiffzssss
1636 541 1691 620 αξξ

202 598 504 679 35¹3,⁰1'2?qi11o‹11‚
522 599 663 678 quidi’em
686 613 814 677 re’cipit
838 644 873 678 q.
899 639 934 668 et
961 631 1085 668 Celsus
1108 632 1143 676 9,
1166 614 1202 676 2,
1224 597 1316 675 (1107Ρς
1355 597 1557 685 ὧιειωΙίδθῑ
1579 598 1691 686 miilta

201 680 634 772 gffiffusugugdam
655 684 810 715 tamen
832 680 966 715 modo
992 683 1155 714 recentes
1179 688 1299 713 snmus
1322 678 1367 712 ad
1393 678 1450 723 id,
1477 679 1574 723 quod
1595 689 1707 723 inci-0

91 835 95 838 .
159 793 340 848 Quodsi.
386 803 513 850 quodsi
535 803 574 838 in
597 804 705 838 rebus
728 821 770 829 -
795 808 929 839 tantum
955 814 1118 849 possum,
1147 807 1187 836 ut
1209 809 1271 836 etc.
1299 804 1339 836 11
1355 828 1366 846 ,
1390 802 1433 845 3,
1461 801 1494 836 5.
1530 801 1575 848 Q.
1602 801 1689 836 mihi

150 870 174 875 ι·
205 851 268 885 des
292 850 480 884 consilium
501 850 656 894 judicum
679 850 890 895 sapientium
915 853 980 894 12,
1010 853 1075 894 10,
1100 850 1157 885 52.
1208 848 1348 895 Quodsi
1377 858 1543 894 agrorum
1580 847 1690 882 nimia

205 907 290 930 cura
315 903 376 930 etc.
399 897 547 930 multum
570 895 694 930 studiis
722 897 887 931 auferunt
905 914 951 923 -—
973 896 1056 941 qnid
1082 901 1246 940 putamus
1268 896 1424 928 facturas
1448 893 1688 938 cupiditatem,

204 940 413 984 avaritiam,
435 941 632 977 invidiam?
662 944 728 984 12,
753 945 794 984 1,
819 943 854 976 6.
888 941 933 983 cs.
958 944 1002 975 ib.
1029 942 1087 975 24.
1116 944 1161 984 2,
1192 944 1254 984 17,
1279 941 1335 975 38.
1370 950 1450 974 cum
1480 939 1690 984 praesertim

203 987 320 1023 bonos
350 986 514 1021 homines
551 988 735 1031 bonasque
769 998 893 1021 causas
929 987 1045 1020 tuenti
1078 996 1153 1019 non
1183 986 1229 1020 sit
1262 986 1472 1020 metuendus
1505 984 1688 1032 ingratus:

203 1032 376 1077 quodsi
398 1033 611 1076 futurus,
640 1034 734 1066 malo
757 1037 875 1066 tamen
898 1032 959 1066 ille
982 1037 1108 1076 peccet
1123 1033 1180 1074 12,
1195 1035 1231 1074 7,
1250 1034 1305 1065 11.
1341 1031 1520 1077 Quodsi
1545 1033 1631 1075 (Sp.
1653 1037 1689 1066 at

167 1099 170 1102 ⁴
201 1078 258 1122 si)
285 1078 370 1112 satis
392 1079 586 1122 prudenter
609 1078 760 1113 dicenda
782 1077 1013 1120 viderint,
1037 1078 1106 1120 jam
1128 1087 1242 1121 prope
1267 1082 1510 1111 consummata
1537 1078 1555 1111 f
1562 1089 1585 1110 u
1595 1077 1689 1113 erit

201 1123 455 1169 praecipientis
476 1135 605 1170 operat
630 1130 674 1159 nt
698 1125 780 1170 (Sp.
801 1123 882 1168 om.)
902 1124 940 1158 si
959 1123 1044 1170 quid
1065 1123 1265 1159 erraverint
1282 1124 1398 1157 adhuc
1418 1131 1481 1157 etc.
1503 1126 1539 1167 2,
1555 1123 1591 1169 6,
1608 1124 1686 1162 62.

159 1190 380 1285 Qffillisbft·
413 1212 487 1249 quo
511 1202 621 1238 modo
643 1201 837 1248 pervenire
863 1201 1024 1248 quolibet
1051 1206 1149 1238 retro
1173 1211 1297 1236 causas
1322 1199 1522 1248 legentibus
1546 1199 1632 1236 licet
1651 1202 1687 1244 5,

249 1275 262 1293 ,
331 1271 342 1284 .

157 1304 398 1360 Quomodo·
445 1316 487 1358 Ι)
514 1319 631 1351 relat„-
654 1311 814 1362 rhythmi
838 1332 882 1342 —
906 1325 941 1361 q.
966 1321 1177 1361 coeperant,
1202 1318 1348 1351 currunt
1371 1324 1484 1361 nsque
1509 1315 1551 1348 ad
1573 1327 1690 1358 μετα-

200 1357 315 1406 βολῆν
338 1363 384 1404 9,
406 1360 448 1406 4,
473 1363 529 1396 50.
563 1373 691 1397 verum
726 1362 967 1397 admirabilem
1000 1373 1075 1397 non
1106 1363 1195 1405 sic,
1226 1373 1367 1407 quom.
1396 1360 1557 1408 prodigia
1579 1361 1690 1395 mira-

200 1417 282 1441 mur
303 1408 348 1450 8,
369 1409 428 1442 Pr.
455 1409 512 1442 33.
549 1408 668 1442 omnia
698 1408 771 1442 sic
807 1408 948 1452 dicere,
977 1420 1012 1453 q.
1036 1409 1091 1443 M.
1114 1407 1256 1443 Tullius
1281 1409 1371 1441 dixit
1397 1410 1463 1450 10,
1487 1410 1532 1450 2,
1556 1409 1612 1442 25.
1640 1407 1687 1448 cs.

200 1455 236 1494 2,
260 1454 296 1495 8,
322 1457 355 1488 7.
382 1457 440 1495 11,
465 1456 499 1497 1,
521 1454 578 1489 66.
602 1457 660 1497 11,
686 1456 720 1498 3,
746 1455 824 1490 109.
849 1460 887 1488 ut
910 1454 975 1489 ita
999 1454 1151 1498 diceret,
1176 1466 1211 1498 q.
1234 1465 1273 1488 se
1296 1453 1444 1498 quilibet
1468 1463 1576 1497 posse
1600 1463 1690 1487 con-

200 1498 327 1533 fideret
347 1501 391 1533 ib.
415 1499 481 1542 923
514 1505 573 1543 ut,
600 1511 634 1544 q.
660 1499 736 1534 Cic.
763 1499 873 1542 dicit,
907 1500 997 1534 locis
1026 1511 1093 1544 pro
1122 1512 1228 1543 cera,
1263 1499 1460 1534 simulacris
1487 1510 1552 1547 pro
1576 1499 1689 1533 literis

201 1550 349 1578 utamur·
364 1547 422 1588 11,
446 1548 482 1587 2,
506 1548 563 1578 21.
598 1558 633 1590 q.
658 1551 694 1579 et
719 1546 781 1579 illa
803 1546 923 1580 Attica
947 1556 1035 1579 anus
1056 1548 1103 1589 8,
1127 1550 1169 1588 1,
1192 1549 1225 1579 2.
1252 1551 1294 1579 ut
1319 1555 1392 1579 non
1419 1545 1531 1589 possit
1554 1545 1690 1588 quaeri,

203 1599 250 1622 an
276 1588 344 1622 sit?
369 1601 429 1633 q.,
452 1601 499 1623 an
520 1591 613 1623 ultra
638 1599 813 1624 oceanum
836 1592 871 1634 ¹¹7,
895 1594 931 1633 2,
955 1590 990 1627 5.
1037 1590 1097 1634 11)
1120 1594 1311 1634 interrogas.
1339 1591 1380 1633 α)
1399 1599 1508 1624 recte.-
1539 1591 1584 1636 Q.
1608 1596 1691 1634 pot-

205 1639 261 1667 est
281 1634 434 1678 probare
455 1634 690 1678 Ciceronem,
720 1636 779 1679 qui
804 1627 892 1669 effi?
916 1637 960 1680 8,
984 1637 1028 1678 5,
1055 1639 1110 1671 33.
1148 1638 1245 1680 quod
1278 1648 1314 1680 q.
1338 1636 1416 1670 fieri
1447 1641 1586 1681 potest,
1621 1635 1691 1670 nisi

167 1690 170 1692 ·
202 1678 281 1723 ipsa
304 1679 442 1722 species
467 1685 522 1712 est
543 1681 586 1723 8,
611 1681 656 1723 6,
680 1682 736 1716 58.
774 1679 819 1722 cs.
848 1684 916 1724 10,
939 1685 982 1722 2,
1006 1682 1041 1717 9.
1069 1682 1204 1725 alioqui
1231 1694 1265 1726 ‹1-
1290 1683 1450 1725 claudet,
1484 1682 1546 1726 qni
1573 1682 1692 1725 placet

201 1724 403 1769 plerisque,
429 1725 634 1759 ditrocheus
657 1726 701 1768 9,
723 1725 779 1765 4,-
794 1727 873 1761 105.
909 1727 954 1772 Q„
979 1732 1130 1762 antem
1155 1733 1339 1771 sequester
1362 1728 1422 1761 ille
1445 1727 1692 1771 —impendet

204 1780 320 1814 aequo
350 1770 467 1804 animo
494 1771 654 1805 laborem
678 1771 716 1805 in
741 1771 872 1806 alienas
897 1771 1074 1814 actiones,
1110 1782 1190 1807 cnm
1217 1773 1364 1807 dicturis
1394 1772 1480 1806 tanti
1507 1784 1591 1807 suae
1615 1783 1692 1807 non

204 1815 276 1850 nint
297 1818 354 1857 12,
377 1817 411 1858 8,
435 1815 470 1849 4.
495 1827 528 1849 v.
552 1817 731 1851 Tamen.
756 1818 846 1850 Nam
868 1827 1022 1864 pugnam
1044 1818 1270 1861 ineuntibus,
1304 1830 1338 1863 ‹1-
1366 1823 1420 1852 tot
1443 1818 1547 1852 simut
1576 1825 1692 1853 metus

205 1860 417 1902 exciderint,
440 1860 508 1894 nisi
525 1867 587 1895 eie.
614 1865 669 1904 12,
695 1865 728 1905 1,
753 1864 811 1897 28,
837 1875 872 1897 v.
892 1864 1013 1897 Nam.
1040 1876 1131 1909 quae
1156 1864 1186 1898 si
1210 1865 1280 1898 dici
1305 1865 1410 1899 debet
1428 1865 1471 1899 ab
1490 1869 1693 1899 oratore—-

204 1919 241 1951 q.
266 1916 372 1948 non,
397 1907 488 1940 hanc
512 1918 656 1952 quoque
684 1913 794 1942 artem
818 1908 1054 1943 necessariam
1081 1921 1159 1945 esse
1184 1910 1284 1954 operi
1311 1916 1458 1953 nostro,
1493 1911 1555 1945 vel
1578 1909 1693 1955 iniqui

205 1951 430 1987 consentient
450 1951 545 1996 (Sp.
567 1971 613 1978 —
632 1953 769 1995 tiant)‘.²
799 1955 832 1997 1,
857 1957 920 1998 10,
947 1957 991 1989 33
1010 1959 1054 1989 Ζ.
1110 1954 1161 2000 β)
1186 1959 1333 1999 oblique.-
1369 1956 1519 2000 primum
1547 1961 1622 1999 est,
1653 1962 1693 1991 ut

204 1997 342 2042 liqueat
359 2014 416 2031 -.
445 1999 539 2032 Tum
563 2009 634 2044 quo
657 1999 897 2034 translationis
921 2010 1052 2047 genere
1066 2026 1077 2044 ,
1106 2001 1233 2046 quibus
1257 2001 1400 2048 figuris,
1425 2001 1586 2045 qualibus
1611 2012 1693 2036 sen-

204 2043 349 2085 tentiis,
373 2045 569 2087 quomodo‘,
592 2057 661 2089 qua
683 2051 867 2090 ‘postremo
896 2047 1134 2081 collocatione
1158 2048 1194 2080 id
1218 2048 1362 2081 efficere
1390 2047 1566 2090 possimus
1590 2048 1633 2090 8,
1657 2049 1692 2090 3,

205 2088 263 2123 41.
295 2098 436 2132 quom.
461 2095 610 2124 autem
632 2091 748 2125 ironia
772 2091 841 2125 alia
867 2091 912 2126 sit
934 2092 1046 2136 tropi,
1070 2093 1139 2127 alia
1163 2094 1386 2134 schematos‚
1411 2103 1476 2126 suo
1503 2094 1585 2127 loco
1608 2094 1694 2127 red-1

207 2135 289 2167 dam
310 2135 347 2177 9,
372 2137 406 2176 1,
431 2137 466 2168 7.
493 2134 539 2168 id
563 2146 599 2179 q.
623 2135 683 2180 (a.
708 2141 731 2171 l.
756 2135 884 2181 quam)
912 2138 1082 2172 decenter
1103 2138 1180 2172 fieri
1204 2139 1333 2182 possit,
1364 2149 1438 2172 non
1462 2138 1610 2173 invenio
1636 2142 1694 2181 11,

207 2183 242 2222 1,
270 2180 328 2214 79.
363 2178 408 2220 cs·
432 2179 476 2222 6,
505 2183 539 2223 2,
562 2183 598 2215 2.
624 2182 660 2226 7,
685 2185 718 2225 1,
745 2182 802 2217 54.
848 2183 928 2230 Quo
953 2183 1063 2230 magis
1087 2184 1221 2226 miror,
1249 2195 1285 2228 q.
1309 2184 1540 2218 Metrodorus
1560 2185 1599 2218 in
1621 2186 1694 2218 XII

206 2224 316 2271 signis
338 2240 386 2250 »-
416 2229 581 2261 trecenos
605 2232 643 2260 et
663 2238 862 2274 sexagenos
884 2228 1066 2263 invenerit
1091 2230 1192 2264 locos
1218 2231 1274 2272 11,
1300 2232 1336 2272 2,
1361 2232 1418 2263 22.
1451 2240 1532 2263 cum
1557 2229 1603 2263 sit
1627 2231 1695 2264 du-

204 2272 295 2315 plex
321 2269 502 2322 quaestio,
533 2282 677 2316 quom.
703 2278 738 2307 et
762 2285 877 2317 quae
902 2275 1103 2309 maxime
1126 2274 1234 2309 scribi
1260 2280 1424 2317 oporteat
1449 2277 1504 2318 10,
1530 2277 1563 2318 3,
1586 2274 1622 2309 4.
1648 2272 1693 2318 cs.

207 2319 242 2358 1,
265 2315 301 2358 4,
326 2319 383 2349 11.
406 2326 532 2361 ingens
554 2317 592 2351 in
616 2317 764 2365 epilogis
790 2320 884 2354 verti
910 2319 1115 2363 discrimen,
1139 2333 1174 2366 q.
1199 2331 1238 2354 se
1263 2321 1394 2354 dicenti
1422 2337 1466 2346 —
1491 2331 1695 2355 accommo-

207 2362 268 2395 det
291 2361 337 2403 6,
364 2363 476 2413 1‚·37.
503 2362 562 2396 hic
585 2364 795 2398 subsecutus
822 2376 857 2412 q.
882 2366 1063 2400 transierit
1086 2383 1132 2390 —
1155 2376 1260 2400 nemo
1289 2366 1423 2400 sciebat
1455 2369 1566 2400 Coel.
1590 2367 1632 2410 6,
1659 2369 1694 2411 3,

207 2404 264 2438 41.
288 2406 378 2440 nihil
400 2410 571 2450 interest,
596 2418 631 2452 ‹1-
660 2409 886 2452 offendase,
910 2413 952 2453 2,
977 2411 1034 2446 69.
1060 2422 1129 2446 nec
1154 2410 1287 2455 refert,
1315 2412 1547 2456 quomodo
1571 2411 1617 2446 sit
1640 2413 1695 2446 fa·-

207 2454 264 2483 cta
287 2451 515 2495 amphibolia,
539 2458 598 2486 aut
622 2461 713 2498 quo
736 2456 938 2490 resolvatur
959 2455 995 2498 7,
1022 2458 1065 2500 9,
1091 2455 1148 2490 14.
1174 2456 1219 2498 cf.
1242 2459 1284 2499 9,
1314 2461 1332 2491 1
1347 2483 1358 2501 ,
1383 2458 1418 2492 7.
1458 2459 1519 2500 12,
1549 2459 1614 2500 10,
1638 2455 1695 2493 56.

206 2494 419 2573 {rr-ospicia,
443 2507 639 2540 quonam
672 2501 808 2534 modo
845 2502 1048 2554 trectandus
1085 2502 1131 2536 sit
1164 2502 1332 2537 discentis
1363 2503 1500 2537 animus
1528 2506 1567 2547 1,
1591 2503 1635 2548 3,
1658 2505 1694 2539 6.

253 2540 390 2576 escio
414 2545 660 2586 quomodo
697 2555 731 2579 v.
756 2546 941 2580 Nescio.
1688 2561 1690 2563 ’

162 2595 403 2648 Quondam·
447 2609 649 2655 principem
671 2610 784 2647 fuisse
808 2625 842 2658 q.
869 2613 942 2648 fori
968 2617 1024 2658 12,
1051 2618 1107 2658 11,
1130 2616 1165 2650 3.
1200 2614 1246 2657 cs.
1272 2615 1307 2660 6,
1334 2618 1367 2660 1,
1395 2616 1452 2652 35.

163 2661 391 2716 Onomam·
433 2677 600 2721 quoniam
622 2678 760 2713 lubrica
787 2685 841 2714 est
864 2691 905 2715 ac
927 2681 1006 2715 fluit
1030 2681 1200 2727 (historia)
1223 2684 1258 2726 9,
1280 2681 1314 2727 4,
1336 2685 1412 2719 129.
1444 2682 1488 2725 (dl
1509 2685 1544 2727 3,
1562 2681 1596 2726 3,
1619 2680 1697 2717 4Ζ.

208 2720 244 2774 9,
259 2721 293 2762 5,
314 2724 359 2774 1·-¹
369 2725 406 2765 7,
431 2722 467 2766 4,
492 2725 548 2759 36-
572 2726 606 2766 8,
626 2726 662 2767 3,
677 2726 736 2760 63.
767 2727 823 2769 10,
848 2728 884 2768 3,
910 2730 965 2762 13.
990 2733 1026 2762 et
1048 2739 1151 2771 non,
1177 2741 1212 2774 q.
1235 2741 1293 2764 res
1311 2731 1421 2774 ‘pares
1444 2735 1538 2772 sunt,
1563 2730 1695 2763 etiam

192 2766 248 2816 -121
270 2771 498 2819 effit'Justum,
529 2771 627 2814 quod
658 2771 849 2806 antecessit
872 2774 914 2816 7,
938 2772 980 2816 4,
1007 2774 1042 2809 6.
1068 2786 1103 2818 q.
1128 2785 1243 2810 vero
1272 2776 1428 2810 maxima
1461 2787 1542 2819 pars
1574 2785 1695 2808 eorum

210 2811 381 2846 similibus
399 2821 549 2859 constat,
570 2816 771 2851 rimandum
794 2817 863 2852 erit
886 2826 948 2855 eto.
976 2819 1011 2863 5,
1040 2822 1176 2865 13„23.
1205 2832 1242 2865 q.
1265 2827 1419 2856 tamen
1442 2831 1566 2855 omnes
1591 2821 1692 2854 susti-

1177 2886 1257 2924 48*
