1728 3002
190 184 275 233 ³96
770 174 946 232 Ignotus
973 193 1032 204 --
1058 170 1140 214 me

236 300 413 335 discamus
441 293 546 331 nobis
566 292 754 340 ignoscere
778 292 835 334 11,
858 292 894 333 2,
917 287 976 324 45.
1008 295 1150 331 semper
1172 282 1254 328 erit,
1275 286 1474 328 propter
1493 282 1589 327 quod
1616 279 1720 315 nobis

234 348 463 394 ignoscamus
488 344 556 384 10,
584 343 628 375 3.
652 339 708 373 29.
742 336 884 371 tametsi
905 333 1080 382 ignoscite
1108 330 1218 372 mihi,
1250 329 1386 375 judices
1407 326 1593 373 (aposiop.)
1629 329 1720 362 Cic.

235 395 279 436 9,
308 396 350 435 2,
376 391 431 425 55.
470 399 515 422 an
537 386 622 420 huic
645 383 776 418 delicto
799 389 900 427 pater
923 379 1086 415 debuerit
1110 378 1404 424 ignoscere,
1437 380 1472 409 et
1498 372 1721 409 Genmmviri

238 439 452 474 tribuere
474 433 659 468 veniam
689 431 842 464 debeant
865 432 907 470 7,
933 426 982 471 4,
1009 428 1066 462 20.
1117 423 1205 459 mihi
1229 423 1394 468 profecto
1417 420 1547 466 poterit
1569 419 1724 466 ignosci,

237 486 277 519 si
310 503 342 508 -
372 482 541 517 invocem
563 478 605 522 4,
629 479 683 511 l'r.
709 478 742 511 5.

190 542 381 598 Ignotus·
414 560 461 583 ne
486 547 572 592 qnid
594 557 659 590 per
685 554 748 578 eos
771 541 881 588 judici
905 540 951 575 sit
977 540 1139 588 ignotum
1163 537 1199 581 6,
1220 538 1258 580 2,
1282 537 1316 570 3.
1350 545 1397 569 ne
1419 533 1480 577 id,
1504 534 1599 578 quod
1625 530 1725 566 simi-

238 597 397 633 litudinis
419 594 530 642 gratia
551 591 757 634 ascivimus,
781 593 842 623 aut
863 588 1111 623 obscurum
1134 585 1198 627 sit,
1226 587 1286 616 aut
1308 582 1321 615 i
1363 586 1520 615 notum
1543 581 1579 623 8,
1604 580 1640 621 3,
1663 578 1724 613 73.

238 655 381 679 causam
404 642 560 689 ignotam
585 643 621 682 7,
645 641 680 681 2,
704 640 761 671 37.
792 636 830 669 in
851 633 983 681 ignotis
1009 632 1100 666 locis
1124 640 1247 665 errans
1258 632 1304 671 Ἴ,
1357 638 1385 661 r.
1408 627 1443 661 3.
1478 635 1539 660 res
1559 624 1728 659 diversae

238 711 285 717 —
314 688 415 734 qnasi
439 686 596 721 invicem
617 685 762 731 ignotae
785 683 820 722 7,
846 683 903 724 10,
929 683 985 714 17.
1019 674 1388 713 obscurioribus
1416 678 1453 706 et
1478 668 1726 719 ignotiori-

236 738 322 771 bus
350 734 471 770 verbis
493 736 528 776 7,
553 734 586 775 3,
614 733 668 766 13.
703 727 851 762 minime
872 726 1049 773 ignota
1072 729 1107 759 et
1135 723 1352 758 obseura
1377 719 1512 763 (vitia)
1538 718 1574 762 8,
1597 717 1633 760 6,
1654 712 1728 759 74,

239 794 309 817 nec
334 781 516 828 ignotum,
550 776 635 822 quid
662 774 816 820 Glyconi
839 771 1010 807 acciderit
1034 771 1078 814 6,
1103 772 1138 813 1,
1163 767 1222 803 41.

191 837 459 883 Illaboratus·
502 847 594 880 haec
619 844 739 880 omnia
761 843 875 876 fluunt
897 840 1083 874 illaborata
1107 839 1164 879 ιο,
1192 838 1226 878 1,
1254 836 1334 868 111.
1382 830 1523 866 fructus
1547 827 1728 864 'illaborati

240 897 394 931 offerunt
414 904 494 928 sese
519 895 586 935 12,
616 894 680 934 10,
703 891 761 926 79.
801 887 1004 931 simplex
1025 890 1095 930 atq.
1119 881 1376 916 illaborata
1403 877 1519 912 oratio
1544 874 1640 919 4,-1,
1666 875 1727 909 60.

239 949 279 976 ut
300 942 470 977 virtutem
495 937 676 974 obviam
700 942 740 970 et·
762 935 1065 969 illaboratum
1090 929 1284 964 habeamus
1307 928 1367 969 12,
1387 927 1423 968 2,
1443 926 1479 958 2.

191 999 332 1043 Ilium.
373 1008 518 1043 astricta
539 1006 601 1041 ilia
632 1007 668 1049 8,
690 1006 725 1048 3,
750 1005 807 1038 10.

189 1065 286 1109 Ille·
333 1076 368 1121 1)
393 1078 439 1110 ad
460 1077 634 1120 sequenn’a
657 1077 820 1107 relatum.-
851 1071 889 1113 α)
913 1069 978 1103 ma
1005 1076 1151 1113 quoqne
1172 1066 1255 1099 sunt
1277 1056 1499 1102 communia,
1523 1050 1728 1100 conciliate,

239 1134 387 1159 narrare
411 1130 473 1156 etc.
501 1124 536 1164 3,
560 1120 595 1163 4,
626 1121 681 1154 15.
714 1117 760 1160 cf.
784 1120 818 1161 5,
848 1119 906 1159 10,
933 1117 1014 1150 122.
1060 1112 1106 1148 Et
1127 1112 1190 1146 ina
1217 1113 1342 1144 contra
1365 1104 1547 1151 optionem
1569 1098 1728 1146 sortium,

239 1171 269 1205 si
290 1169 516 1214 tyrannidem
538 1173 639 1211 petas
664 1172 725 1198 etc.
755 1167 799 1198 ib.
821 1164 881 1199 97.
907 1160 953 1203 cf.
981 1161 1060 1195 105.
1107 1159 1182 1202 1115ι
1196 1156 1312 1191 adhuc
1334 1151 1524 1187 audaciora
1548 1150 1584 1192 9,
1606 1151 1646 1193 41,
1671 1149 1728 1183 29-

241 1217 285 1258 σ]ἱ
316 1217 351 1258 9,
376 1219 410 1257 2,
436 1217 492 1249 32.
542 1213 633 1246 Illud
657 1220 805 1255 prorsus
828 1207 993 1250 oratoris,
1018 1205 1121 1246 scire,
1147 1203 1211 1237 ubi
1234 1209 1297 1235 etc.
1321 1199 1356 1241 9,
1369 1197 1405 1240 4,
1423 1198 1503 1231 121.
1530 1193 1728 1231 Humiliora

238 1262 300 1296 illu
326 1261 438 1303 vitia,
469 1259 654 1293 summissa
679 1255 835 1289 adulatio
865 1262 929 1287 etc.
957 1256 1022 1294 11,
1050 1254 1092 1293 1,
1118 1252 1177 1284 30.
1223 1246 1315 1280 Illud
1338 1253 1482 1289 quoque
1509 1241 1556 1275 ad
1577 1240 1728 1275 verbum

193 1344 199 1352 ⁴
239 1318 375 1352 ponere
401 1305 572 1349 optimum
594 1302 724 1336 suerit:
759 1300 868 1333 Locis
889 1304 944 1333 est
965 1297 1135 1330 utendum
1157 1292 1278 1327 multis
1301 1297 1362 1324 etc.
1394 1290 1450 1330 11,
1473 1289 1509 1330 2,
1529 1287 1590 1322 22.
1622 1283 1668 1327 cf.
1693 1285 1728 1328 2,

238 1354 341 1394 ²}‚252
370 1353 402 1394 5,
416 1354 472 1394 10,
486 1351 544 1385 89.
570 1349 605 1392 5,
634 1351 690 1390 12,
717 1347 772 1380 13.
801 1347 856 1387 10,
873 1347 907 1387 1,
927 1344 987 1378 67.
1017 1341 1110 1375 illo
1138 1341 1265 1381 loco,
1294 1335 1401 1370 Haud
1421 1333 1549 1378 procul
1566 1336 1627 1364 eto.
1650 1331 1728 1374 9,3,

239 1400 296 1434 26.
344 1398 389 1442 β)
414 1400 457 1438 in¹
473 1396 623 1429 cimmlis.
665 1391 704 1437 a)
727 1393 911 1425 sententiis.-
940 1388 1108 1422 utillud:
1134 1384 1246 1419 Caesa
1269 1381 1462 1428 jungebant
1486 1386 1548 1412 eie.
1573 1377 1609 1421 8,
1621 1378 1656 1420 3,
1674 1377 1728 1413 19.

240 1451 301 1480 ant
326 1444 416 1477 illud
443 1441 546 1484 Afri,
574 1441 694 1474 Homo
723 1445 785 1471 etc.
813 1438 849 1479 6,
871 1438 907 1478 3,
934 1434 991 1470 84.
1026 1432 1073 1475 cs.
1101 1433 1136 1475 8,
1159 1433 1196 1473 3,
1217 1429 1277 1465 89.
1315 1429 1353 1470 9,
1378 1428 1414 1469 3,
1439 1426 1496 1460 10.
1530 1424 1587 1466 11,
1617 1423 1650 1466 1,
1673 1420 1728 1458 57.

239 1489 417 1526 simulatio
447 1506 491 1512 —
526 1485 639 1532 (malis
663 1485 725 1518 illa
749 1481 900 1517 Domitii
922 1479 1004 1514 Afri
1031 1475 1122 1512 fuit:
1159 1478 1274 1511 Vetus
1305 1481 1366 1506 etc.
1395 1472 1440 1513 6,
1465 1472 1511 1514 3,
1535 1469 1593 1504 92.
1642 1467 1728 1502 illud

241 1547 385 1582 quoque
410 1533 544 1570 veteris
571 1530 724 1566 oratoris
748 1530 784 1572 8,
804 1529 841 1569 6,
867 1528 922 1562 15.
955 1524 1101 1559 utillud
1124 1523 1164 1556 in
1189 1518 1374 1556 Catilinam
1397 1518 1433 1559 9,
1461 1518 1498 1559 2,
1521 1512 1578 1550 '45-
1611 1518 1648 1549 et
1666 1511 1728 1548 iun

240 1581 407 1618 censorii
431 1579 578 1615 Catonis
600 1579 636 1621 9,
660 1577 696 1620 4,
722 1576 777 1610 39.
802 1574 889 1608 illud
905 1571 1161 1618 Virgilianum:
1189 1568 1295 1603 Adeo
1322 1565 1360 1598 in
1385 1561 1519 1596 teneris
1546 1563 1670 1600 eta-1,
1693 1561 1728 1603 3,

243 1631 300 1664 13.
351 1626 389 1670 b)
413 1629 447 1660 in
472 1626 614 1658 citandis
639 1625 766 1657 verbis.-
805 1620 867 1664 qui
892 1619 988 1652 dicat
1013 1626 1082 1661 pro
1110 1615 1193 1656 illo,
1226 1614 1281 1646 Ne
1303 1608 1455 1650 feceri8‚
1494 1608 1578 1641 Non
1598 1605 1728 1639 feceris

242 1678 278 1718 1,
303 1676 337 1716 5,
367 1675 424 1708 50.
463 1671 492 1705 si
514 1669 671 1705 *fervit
696 1672 795 1712 putat
820 1665 901 1699 illi
927 1663 1055 1706 simile,
1080 1660 1223 1698 currit
1246 1666 1306 1691 cic.
1335 1657 1368 1698 1,
1391 1654 1426 1696 6,
1449 1654 1485 1688 9.
1513 1651 1627 1685 simile
1654 1650 1728 1684 itti:

242 1721 370 1755 Habeo
389 1720 444 1763 jus
470 1726 531 1751 etc.
561 1719 595 1758 3,
617 1717 652 1758 6,
677 1715 734 1748 76.
769 1712 912 1756 utrique
936 1707 1109 1744 convenit
1129 1706 1217 1739 illud
1245 1701 1382 1737 edico
1406 1699 1441 1741 9,
1465 1699 1503 1742 3,
1524 1695 1581 1732 64.
1617 1695 1728 1738 Cujus

242 1765 422 1802 hereditas
447 1770 512 1806 est,
543 1774 647 1807 quam
667 1765 802 1795 vocant
825 1756 1045 1802 sapientiam,
1074 1763 1157 1798 pro
1181 1750 1285 1790 illo,
1313 1745 1468 1781 facilitas
1489 1747 1545 1777 est
1567 1743 1603 1784 6,
1616 1743 1653 1784 3,
1664 1743 1728 1783 97;

243 1812 507 1847 stomachus
532 1810 626 1844 enim
654 1807 737 1840 ille
763 1805 872 1838 habet
901 1801 1033 1845 aliquid
1058 1799 1140 1842 joco
1164 1795 1281 1830 simile
1300 1794 1335 1837 6,
1356 1795 1391 1834 3,
1410 1790 1537 1824 112Ν.
1569 1786 1728 1834 ipsum

240 1858 364 1893 illud
389 1858 530 1891 volaret
558 1857 593 1897 8,
616 1854 655 1896 ’6,
684 1853 742 1887 68.
779 1863 812 1884 v.
840 1851 887 1892 Ip
900 1859 959 1882 se.
1029 1844 1041 1887 )
1066 1857 1132 1888 seq.
1156 1845 1293 1876 Re1a1.:
1333 1837 1424 1871 illud
1453 1850 1489 1859 -—
1521 1834 1617 1878 quod
1641 1842 1726 1866 con-

243 1906 401 1951 jugatum
424 1907 558 1937 vocant
586 1902 621 1942 5,
648 1901 704 1940 10,
728 1897 785 1931 85.
834 1892 897 1928 Est
923 1898 958 1927 et
984 1858 1071 1925 ista
1095 1900 1143 1923 ex
1166 1886 1281 1921 ironia
1303 1882 1421 1925 ficti0‚
1452 1890 1543 1926 qua
1569 1889 1654 1912 usus
1674 1876 1728 1912 ‘es't

245 1959 305 1985 eto.
334 1951 369 1993 6,
396 1951 430 1992 3,
453 1949 511 1983 91.
546 1945 591 1987 cs.
617 1947 658 1978 ib.
682 1945 738 1979 93.
774 1945 810 1983 7,
835 1944 869 1983 2,
894 1939 951 1972 26.
988 1946 1139 1981 quorum
1164 1932 1329 1975 exempla
1351 1928 1443 1963 illo
1466 1927 1550 1959 loco
1571 1922 1728 1967 reddam,

245 2007 335 2042 quo
364 1994 515 2030 virtutes
538 1995 643 2026 erunt
666 1991 700 2031 8,
728 1990 761 2030 3,
788 1988 844 2021 51.
883 1983 928 2026 cs.
953 1985 990 2026 9,
1013 1985 1048 2024 2,
1072 1982 1126 2015 37.
1164 1988 1184 2013 a
1212 1987 1283 2022 quo
1303 1976 1485 2010 schemate
1508 1979 1583 2004 non
1605 1970 1728 2014 procul

244 2045 346 2077 abest
372 2041 481 2082 illa,
517 2048 627 2082 quae
654 2035 784 2068 dicitur
810 2028 1084 2066 communicatio
1106 2027 1143 2069 9,
1172 2028 1208 2067 2,
1234 2026 1291 2058 20.
1317 2020 1362 2063 cf.
1389 2021 1433 2054 ἰῦ.
1458 2018 1515 2051 25.
1553 2018 1611 2056 10,
1637 2018 1672 2058 1,
1695 2013 1728 2049 4.

244 2088 340 2124 illis
370 2097 441 2119 non
466 2085 614 2126 accedo,
642 2081 719 2126 qui
745 2079 949 2114 existimant
972 2076 1008 2118 9,
1022 2077 1057 2117 2,
1072 2071 1130 2106 24.
1160 2069 1322 2112 cs.11,1,
1338 2067 1397 2100 27.
1423 2062 1507 2097 ille
1531 2060 1584 2106 (a.
1597 2066 1619 2095 1.
1634 2059 1728 2104 om.),

245 2133 316 2169 cui
342 2133 514 2166 dictamus
538 2133 604 2172 10,
630 2131 669 2169 3,
698 2129 753 2161 19.
788 2130 836 2158 u't
866 2124 948 2157 itte
964 2147 975 2165 ,
1017 2119 1077 2165 qui
1102 2118 1140 2151 in
1170 2116 1310 2150 actione
1333 2131 1379 2138 —
1402 2108 1543 2143 dicebat
1565 2109 1608 2150 8,
1636 2111 1672 2150 2,
1694 2109 1728 2140 2.

243 2181 332 2215 illa
359 2189 502 2223 quoque
524 2181 678 2211 vocatur
701 2171 856 2212 aversio,
881 2178 993 2213 quae
1019 2178 1039 2199 a
1061 2162 1243 2209 proposita
1271 2156 1476 2204 quaestione
1502 2151 1644 2187 abducit
1668 2163 1728 2186 au-

246 2226 401 2260 dientem
425 2225 461 2266 9,
486 2225 520 2260 2,
547 2224 603 2256 39.
641 2219 685 2261 cs.
711 2220 746 2260 9,
772 2220 806 2256 3,
830 2216 885 2249 28.
922 2216 978 2256 10,
1005 2215 1038 2254 1,
1066 2212 1122 2245 39.
1165 2210 1220 2249 10,
1244 2207 1281 2247 3,
1302 2206 1359 2238 22.
1398 2204 1456 2243 11,
1483 2203 1516 2242 1,
1541 2200 1596 2234 61.
1633 2206 1728 2232 sm-

245 2284 338 2306 mam
363 2271 527 2311 illam,
561 2268 603 2300 ad
627 2275 760 2310 quam
787 2271 895 2296 nemo
917 2258 1064 2304 propius
1089 2252 1238 2289 accessit
1263 2253 1320 2293 12,
1346 2251 1379 2290 1,
1403 2249 1460 2281 20.
1500 2244 1636 2279 Illud
1660 2248 1728 2287 est,

248 2318 376 2363 quod
410 2325 516 2358 supra
551 2311 627 2346 dixi
654 2311 803 2344 multum
826 2307 989 2348 referre,
1026 2311 1146 2336 unone
1169 2298 1283 2333 verbo
1311 2293 1381 2328 sint
1405 2294 1476 2326 duo
1497 2291 1608 2335 pedes
1631 2296 1728 2323 com-

244 2361 416 2408 prehensi
439 2368 501 2394 eta.
525 2360 561 2401 9,
586 2358 621 2400 4,
647 2359 704 2392 97.
745 2354 914 2390 Ceterum
939 2348 1035 2391 illi,
1065 2345 1139 2391 qui
1164 2345 1249 2377 hoc
1273 2351 1340 2386 pro
1367 2342 1520 2378 osuerat,
1543 2340 1728 2378 consenta-

246 2421 317 2443 nea
339 2410 456 2442 suerat
479 2405 562 2439 illa
585 2402 714 2438 divisio
729 2425 742 2445 ,
774 2406 826 2432 ut
854 2417 899 2424 -
922 2397 1058 2429 faceret
1080 2393 1124 2433 6,
1145 2392 1188 2432 3,
1210 2389 1290 2423 106.
1364 2385 1383 2430 )
1402 2394 1496 2434 seqq.
1523 2382 1728 2424 Coniunctu:

247 2457 351 2488 Nunc
388 2452 506 2487 illud
539 2449 623 2484 mali
651 2453 727 2490 est,
767 2443 898 2489 quod
927 2437 1127 2475 necessaria
1152 2437 1361 2480 plerumque
1386 2429 1530 2476 silentio
1547 2430 1728 2465 ,transeunt

249 2501 283 2541 5,
301 2503 356 2542 12,
373 2501 429 2533 23.
453 2498 569 2532 illud
596 2492 849 2530 observatione
875 2486 1027 2534 dignius,
1053 2483 1167 2527 quod
1191 2481 1261 2516 hic
1286 2479 1365 2523 ipse
1388 2481 1534 2511 ornatus
1558 2494 1604 2500 -—-
1630 2473 1728 2507 decet

248 2546 343 2586 8,3,
369 2548 424 2577 11.
460 2542 505 2584 cs.
536 2545 568 2583 1,
596 2542 630 2584 7,
654 2539 711 2575 27.
745 2539 781 2580 9,
808 2535 844 2579 4,
869 2535 925 2568 50.
966 2534 1023 2574 11,
1047 2530 1082 2572 3,
1108 2528 1165 2562 45.
1207 2526 1362 2565 12.1o‚
1386 2521 1458 2564 343
1505 2517 1610 2554 1112
1641 2527 1728 2553 voro

249 2589 503 2635 jucundissima
527 2587 589 2631 (sc.
614 2583 708 2629 res),
733 2583 763 2618 si
787 2580 969 2626 contingat
990 2597 1036 2604 —-
1059 2577 1190 2608 ducere
1215 2574 1460 2618 argumentum
1476 2566 1517 2610 6,
1534 2562 1618 2608 ¹²³4·
1641 2561 1728 2605 οἶά),

250 2636 288 2679 4,
316 2635 381 2676 42ς
420 2634 551 2666 illud
575 2642 719 2678 quoque
748 2628 914 2662 differens
937 2627 1090 2664 vocant,
1118 2629 1212 2654 cum
1235 2632 1279 2642 -—
1304 2612 1516 2649 discernitur
1535 2610 1571 2654 5,
1596 2611 1652 2655 10,
1674 2606 1728 2642 61.

251 2694 286 2716 υ.
314 2680 422 2715 Cum
456 2679 490 2720 l,
521 2683 565 2722 β,
603 2690 655 2719 a.;
695 2677 732 2711 in
755 2670 974 2709 testamentis
1003 2674 1040 2704 et
1066 2667 1156 2700 itta
1185 2663 1368 2703 accidunt,
1404 2664 1453 2692 ut
1479 2664 1541 2690 etc.
1576 2657 1613 2698 7,
1638 2655 1674 2696 6,
1698 2655 1728 2688 9.

253 2728 347 2762 Illa
369 2731 490 2757 temen
513 2724 692 2767 quomodo
717 2721 909 2767 effugient,
940 2720 994 2750 ut
1013 2712 1157 2748 nomina
1179 2729 1225 2736 —-
1249 2706 1482 2742 terminentur
1504 2705 1537 2745 1,
1561 2703 1598 2744 6,
1617 2697 1728 2735 stuf}

209 2792 229 2806 a
262 2771 405 2807 decoris
427 2769 512 2803 il-ln
535 2774 630 2811 sunt,
654 2774 702 2802 ut
725 2768 773 2801 sit
793 2774 856 2801 etc.
886 2766 944 2808 11,
964 2764 1002 2807 3,
1022 2761 1083 2797 69.
1108 2756 1153 2802 cs.
1174 2757 1213 2801 6,
1223 2756 1262 2800 3,
1277 2753 1356 2789 106.
1379 2752 1438 2795 10,
1449 2753 1485 2794 7,
1495 2751 1531 2785 7.
1557 2750 1615 2792 12,
1632 2740 1728 2790 1,*36
