1728 3002
164 138 246 179 860
724 128 862 173 Stulte
892 157 950 166 —
979 130 1149 175 Suadeo

204 255 287 297 post
308 249 530 294 impetratam
552 251 596 284 εις
619 243 710 280 meis
740 244 897 290 quietem
922 246 983 281 Pr.
1009 249 1042 284 1.
1066 237 1235 284 studiis
1266 247 1559 297 moribusque
1578 236 1697 296 ''prae-
1711 242 1728 275 ’ἶ

203 298 340 343 positus
363 299 399 339 2,
422 297 458 337 2,
483 292 540 327 14.
564 304 598 326 v.
617 292 692 326 Mo
705 302 733 326 s.
755 292 999 336 praesidentes
1027 299 1070 328 st.
1096 294 1184 330 deae
1207 297 1266 339 10,
1292 299 1326 340 1,
1347 297 1408 334 91.
1430 298 1532 342 cujus
1554 298 1698 342 (operis)

203 349 373 378 tractatus
399 339 642 385 plenissimam
664 344 713 387 st.,
733 339 882 384 gratiam
911 340 1025 374 refert
1050 343 1115 384 12,
1140 343 1288 384 11‚>29.
1321 345 1528 378 nonnullam
1550 355 1699 388 operam
1722 339 1728 365 1

206 391 262 424 his
291 395 335 423 st.
363 386 692 422 accommodaturos
724 387 763 427 1,
789 388 855 429 10,
880 387 936 421 15.
961 386 1071 430 libro,
1107 397 1181 431 quo
1203 393 1247 426 st.
1271 388 1436 425 ordinem
1457 390 1618 424 dedimus
1641 393 1699 434 10,
1724 387 1728 405 ³

205 439 239 479 5,
266 439 300 469 1.
348 435 387 476 d)
409 437 572 468 Accusat.
587 446 597 465 .·
622 442 670 465 ne
693 431 821 475 studia,
851 431 912 476 qui
935 443 1052 467 amare
1079 434 1238 468 nondum
1260 440 1391 479 potest,
1420 436 1539 471 oderit
1561 437 1622 470 Pr.
1638 439 1705 473 20.
1725 435 1728 461 t

203 483 306 517 velut
330 486 374 515 st.
398 479 493 513 inter
518 488 587 512 nos
610 478 883 512 conferebamus
907 477 944 522 4,
967 480 1026 513 Pr.
1050 482 1081 513 1.
1107 480 1299 524 praecipue
1319 482 1358 516 in
1380 493 1421 516 se
1444 487 1702 519 converterunt
1721 468 1728 510 ἶ

206 534 251 563 st.
276 527 520 571 Apollodorus
556 526 796 571 Pergamenus
823 530 859 558 et
882 525 1097 560 Theodorus
1132 526 1313 561 Gadareus
1339 530 1382 572 3,
1406 531 1447 572 1,
1478 531 1545 564 17:
1561 518 1728 573 deserta}

206 576 251 609 ab
282 574 340 608 his
363 579 408 607 st.
436 570 630 615 sapientiae
656 573 723 612 12,·
751 573 795 614 2,
819 571 855 605 8.
884 577 944 605 aut
968 582 1124 606 mores
1157 573 1351 608 excolendi
1387 580 1449 608 aut
1478 573 1642 609 studia
1663 573 1728 619 4‚=

205 623 264 655 Pr.
287 623 320 655 3.
355 626 398 654 st.
431 619 508 660 eius
529 618 687 651 formare
711 617 769 650 Pr.
795 619 828 651 5.
855 629 945 661 quae
969 618 1049 661 (st.)
1079 619 1282 655 erudiendis
1303 620 1494 664 juvenibus
1517 620 1704 664 impende-1
1715 609 1728 654 .³

206 679 284 702 ram
303 668 348 700 ib.
369 668 403 699 1.
430 665 577 698 aliarum
601 662 866 707 disciplinarum
889 669 933 701 st.
957 663 1190 711 ingredienda
1213 671 1296 700 sunt
1319 669 1361 710 1,
1390 669 1456 710 10,
1479 669 1521 711 2.,
1547 666 1704 701 Aeschi-

205 716 271 748 n'es
296 712 415 746 intulit
438 722 482 745 eo
509 716 551 744 st.
579 709 802 743 Athenarum
829 712 893 753 12,
921 713 984 754 10,
1011 712 1066 756 19.
1097 711 1128 745 si
1156 711 1235 756 quis
1258 714 1349 747 haec
1380 718 1424 747 st.
1450 712 1600 747 utilitate
1624 715 1704 747 sola

205 760 371 794 metiatur
398 760 459 800 12,
486 759 551 798 11,
585 757 642 791 29.
675 767 756 790 cum
786 757 1002 799 proferenda
1037 763 1118 791 sunt
1148 763 1192 791 st.
1225 761 1264 800 1,
1286 761 1332 800 2,
1364 760 1433 794 19.”
1478 759 1526 802 e)
1560 754 1715 794 Ablata*

206 817 359 841 mores
383 802 519 839 oratori
544 802 725 836 studiis
750 808 855 836 erunt
877 804 1067 838 excolendi
1090 807 1146 846 12,
1171 806 1207 846 2,
1231 807 1264 841 1.
1291 815 1360 839 nec
1382 815 1448 839 suo
1472 805 1554 839 nisu
1576 811 1620 839 st.
1644 805 1704 839 in-

206 853 334 887 sistunt
359 854 394 894 1,
419 853 483 891 12,
507 851 564 883 10.
591 849 635 881 de
659 854 723 891 st.,
752 848 880 893 quibus
902 861 992 893 puer
1016 849 1252 884 instituendus
1271 855 1334 885 -est
1355 852 1399 885 ib.
1424 852 1480 887 19.
1507 861 1581 885 non
1603 851 1722 888 vi.r-,

206 906 304 934 tute
333 909 375 932 ac
398 903 470 939 st.,
494 900 535 928 ut
560 895 779 929 haberentur
801 895 1026 940 philosophi,
1050 896 1260 931 laborabant
1285 898 1344 930 Pr.
1366 897 1429 941 153
1462 898 1508 931 ab
1530 897 1702 932 institutis

146 984 149 985 ⁷
207 952 251 980 st.
279 943 429 979 deflexit
453 945 510 985 10,
539 943 573 984 1,
596 942 655 976 91.
689 941 779 974 nihil
801 941 839 975 in
863 946 907 976 st.
933 953 1082 986 parvum
1107 948 1162 977 est
1189 945 1245 987 10,
1270 944 1304 983 3,
1329 944 1388 977 31.
1405 944 1502 978 *cum
1525 943 1572 978 sit
1594 943 1636 977 in
1658 949 1702 979 st.

206 991 438 1037 praecipuum
464 987 621 1022 scribere
649 986 765 1031 ipsum
790 990 823 1030 1,
850 991 883 1031 1,
908 990 966 1022 28.
995 989 1034 1022 in
1060 994 1104 1023 st.
1127 988 1272 1036 longior
1302 990 1405 1023 labor
1426 991 1463 1034 3,
1486 990 1523 1032 6,
1544 989 1604 1025 65.
1628 1001 1708 1034 >qua

183 1036 380 1082 (lectione)
407 1035 497 1069 nihil
524 1039 578 1068 est
601 1033 639 1066 in
669 1040 711 1068 st.
741 1033 858 1068 minus
881 1034 1100 1068 laboriosum
1123 1039 1186 1078 12,
1212 1037 1261 1078 3„
1279 1036 1315 1070 8.
1338 1037 1491 1070 eumad
1512 1046 1573 1070 eas
1595 1035 1634 1070 in
1657 1041 1703 1070 st.

206 1085 304 1121 vires
327 1080 534 1128 pervenerit
557 1091 647 1123 puer
670 1083 710 1123 2,
736 1082 780 1123 2,
807 1083 840 1114 1.
866 1087 1035 1125 qnantum
1060 1081 1100 1115 in
1122 1087 1166 1116 st.
1191 1081 1263 1125 jam
1287 1081 1446 1117 effecerit
1466 1084 1511 1127 2,
1535 1084 1555 1116 1
1569 1107 1581 1126 ,
1605 1085 1642 1118 7.
1663 1081 1704 1116 in

209 1138 253 1166 st.
278 1130 389 1177 magis
417 1126 562 1166 vacabit
585 1137 677 1160 unus
701 1125 764 1160 uni
791 1130 830 1169 1,
855 1129 900 1170 2,
923 1128 958 1162 9.
1532 1140 1534 1142 ·
1579 1155 1583 1158 .

162 1176 316 1219 Stulte·
360 1186 578 1222 continuone
613 1183 643 1218 si
677 1183 740 1217 ille
763 1189 806 1218 st.
832 1184 1024 1231 cogitavit,
1063 1183 1167 1219 nobis
1199 1195 1343 1230 quoque
1366 1190 1411 1220 st.
1436 1184 1624 1220 dicendum

205 1237 240 1278 9,
269 1238 305 1276 2,
329 1233 386 1269 84.
411 1231 457 1274 cf.
483 1232 526 1271 5,
555 1232 623 1272 13,
647 1228 705 1266 46.
725 1231 759 1270 6.
785 1232 820 1274 3,
846 1233 881 1266 7.
905 1236 950 1266 st.
973 1231 1260 1278 interrogaverat
1280 1232 1323 1276 6,
1346 1233 1390 1276 3,
1412 1234 1479 1276 713
1502 1231 1716 1266 illud'stulae

207 1281 344 1315 tissime
370 1276 588 1323 praecipitur
612 1276 646 1318 5,
672 1278 728 1318 13,
754 1277 789 1312 9,
1516 1274 1524 1294 t
1554 1277 1568 1293 κ
1588 1276 1605 1286 νη

163 1326 366 1368 Stultitia.
399 1331 519 1377 (risus)
545 1333 653 1365 habet
676 1334 797 1367 sedem
820 1332 859 1366 in
883 1334 1108 1368 deformitate
1129 1333 1247 1380 aliqua
1270 1339 1307 1370 et
1327 1324 1567 1383 turpitudine:
1600 1331 1709 1379 quae,

206 1396 287 1419 cum
310 1383 349 1417 in
373 1380 452 1415 aliis
480 1380 783 1421 demonstrantur,
809 1379 1085 1422 urbanitas;
1123 1391 1205 1414 cum
1234 1379 1273 1415 in
1298 1380 1397 1424 ipsos
1425 1379 1586 1418 dieentes
1610 1380 1706 1414 reci-

207 1432 315 1473 dunt,
349 1428 481 1463 stult.
506 1430 659 1460 vocatur
683 1426 718 1467 6,
745 1427 779 1468 3,
804 1425 839 1458 8.
867 1437 901 1459 υ.
918 1424 1069 1460 Risus.
1101 1431 1146 1465 st.
1179 1437 1279 1461 suam
1302 1419 1506 1471 perdooeht
1525 1428 1559 1469 1,
1583 1428 1618 1469 1,
1645 1427 1681 1474 8.
1702 1421 1719 1438 '³

163 1486 336 1530 Stultus.
380 1494 423 1539 α)
447 1495 650 1537 simpliciter.
697 1491 735 1535 a)
755 1495 893 1527 Masc..·
917 1498 960 1527 st.
981 1499 1088 1538 atque
1113 1494 1157 1527 ab
1182 1494 1280 1528 omni
1304 1497 1544 1538 prox-sumum
1564 1493 1669 1529 dicen
1694 1492 1704 1503 ⁶

208 1550 367 1580 remotus
394 1545 428 1584 3,
457 1542 515 1582 11,
547 1538 603 1572 24.
639 1543 683 1572 st.
710 1538 827 1582 decipi
851 1545 970 1583 potest
994 1540 1028 1581 5,
1052 1543 1090 1582 7,
1113 1541 1271 1575 26..non
1293 1540 1357 1574 fiet
1377 1551 1534 1586 unquam
1557 1546 1601 1575 st.
1623 1551 1688 1575 ora

207 1598 266 1626 tor
290 1594 346 1630 12,
375 1592 409 1629 1,
435 1585 469 1620 4.
495 1584 677 1619 neminem
700 1585 871 1630 malum
895 1596 974 1619 esse
1003 1584 1072 1619 nisi
1096 1591 1148 1619 st.
1173 1587 1279 1620 eund.
1304 1588 1347 1620 ib.
1374 1585 1471 1620 iuuit
1493 1585 1564 1620 nisi
1584 1588 1659 1620 ‘stul
1676 1582 1697 1594 ¹*

209 1649 284 1672 non
307 1633 436 1670 accidit
461 1633 498 1674 7,
524 1633 559 1674 3,
582 1633 640 1665 23.
663 1642 743 1664 cum
769 1636 874 1665 antea
896 1630 1122 1665 stultissimus
1147 1637 1242 1666 esset
1262 1633 1298 1675 6,
1322 1634 1357 1675 3,
1377 1633 1436 1668 97.
1468 1644 1503 1681 υ,
1521 1631 1666 1666 Aridu

207 1683 364 1718 Rudis.
410 1680 451 1722 b)
467 1678 607 1712 Neutra:
633 1688 752 1710 rerum
772 1677 860 1713 vitia
875 1683 958 1711 sunt
982 1688 1032 1712 co
1042 1689 1119 1711 mm
1129 1689 1235 1721 une,
1259 1679 1445 1712 stul-tum
1461 1685 1526 1712 etc.
1543 1679 1579 1720 8,
1600 1680 1636 1720 3,
1646 1680 1694 1713 57

210 1744 243 1765 υ.
273 1724 548 1765 Communis.
573 1728 616 1757 st.
640 1730 717 1757 erat
739 1734 888 1758 monere
912 1722 948 1767 4,
973 1727 1007 1767 1,
1033 1726 1088 1757 11.
1121 1724 1159 1757 in
1181 1725 1289 1758 rebus
1312 1723 1445 1769 apertis
1469 1729 1674 1771 argumenta
1692 1721 1711 1732 “’

210 1783 283 1812 tam
307 1775 352 1810 sit
376 1779 434 1815 st.,
458 1781 563 1815 quam
586 1769 625 1803 in
649 1769 1020 1807 olarissimumaeolem
1046 1771 1195 1804 mortale
1222 1772 1344 1805 lumen
1368 1769 1506 1805 inferre
1529 1772 1564 1811 5,
1588 1773 1646 1814 12,
1700 1807 1702 1809 ,

210 1834 283 1867 quo
308 1820 394 1866 quid
419 1815 582 1853 stultius?
608 1818 642 1857 9,
667 1819 702 1858 2,
725 1819 781 1851 82.
806 1816 1048 1850 stultissimum
1075 1827 1260 1859 quaerere,
1288 1817 1332 1851 ad
1356 1827 1463 1862 quam
1484 1817 1669 1862 (eloquenti

205 1868 360 1913 faciem)
393 1877 431 1899 se
459 1869 624 1898 recturus
651 1862 697 1896 sit
729 1868 850 1896 orator
874 1866 940 1905 12,
966 1865 1030 1905 10,
1056 1862 1101 1898 69
1125 1874 1156 1896 v.
1182 1863 1384 1906 Primus3
1432 1866 1550 1896 Phar..-
1588 1864 1648 1907 pal

211 1917 318 1950 stulta
344 1915 377 1956 5,
404 1914 462 1953 13,
486 1910 542 1944 16.
570 1909 647 1942 ead.
672 1920 783 1952 quae,
810 1909 840 1942 si
863 1909 1143 1954 imprudentibus
1166 1909 1433 1950 excidant,-st.
1463 1913 1569 1950 sunm
1602 1908 1634 1942 si
1657 1908 1706 1950 siv

210 1963 399 2000 mulamus,
430 1960 635 1992 venusta
659 1956 853 1989 creduntur
875 1956 911 1997 6,
935 1957 969 1998 3,
992 1956 1051 1988 23.
1079 1955 1382 1988 subabsurda
1404 1960 1568 1988 constant
1591 1959 1663 1991 stu
1690 1950 1695 1960 ’

212 2009 272 2042 tis
302 2004 410 2041 simili
447 2001 503 2046 (a.
530 2007 552 2036 Ι.
588 2000 812 2044 stultissima)
840 2001 1038 2035 imitatione
1069 2001 1112 2043 6,
1135 2002 1178 2043 3,
1204 2002 1249 2036 99
1273 2002 1321 2034 Ν.
1341 2013 1388 2035 cr.
1419 2011 1510 2044 quae
1543 2000 1665 2036 forti

212 2057 297 2089 dum
321 2053 505 2092 dicuntur,
532 2047 764 2089 videbantur,
791 2049 953 2089 stulta,
978 2058 1057 2083 cum
1081 2048 1282 2090 laeserunt,
1306 2051 1485 2082 vocantur
1507 2048 1564 2091 12,
1587 2047 1624 2089 9,
1648 2049 1694 2083 13,

211 2114 244 2135 v.
267 2097 528 2134 Ridiculus.
572 2093 626 2139 β)
659 2107 688 2128 ο.
715 2096 846 2128 8ηόει..·
880 2093 969 2128 fecit
999 2092 1254 2127 dubitationem
1281 2094 1358 2137 ejus
1381 2091 1581 2129 stultiorem
1603 2095 1645 2136 6,
1671 2093 1703 2128 3

212 2150 272 2181 71.
298 2146 404 2179 stulta
429 2144 582 2176 themata
604 2143 640 2184 2,
669 2142 727 2183 10,
751 2140 785 2175 6.
1452 2150 1463 2162 ·
1557 2136 1561 2143 ’

169 2194 345 2248 Stupeo.
392 2206 534 2243 stupere
558 2197 688 2244 gaudio
715 2198 872 2232 Graecus
907 2199 1016 2232 Coel.
1042 2197 1077 2238 9,
1102 2198 1137 2238 3,
1162 2195 1218 2230 58.
1241 2200 1382 2239 stupent
1403 2195 1567 2238 novitate
1590 2197 1652 2238 12‚¹

150 2279 152 2282 ,
214 2252 248 2285 5.
275 2255 318 2283 st.
344 2245 517 2282 immobili
541 2246 661 2291 rigore
686 2245 726 2286 9,
751 2246 795 2286 3,
826 2245 918 2285 1013
954 2247 1136 2285 torpentes
1170 2246 1231 2275 aut
1253 2246 1436 2285 stupentes
1467 2241 1550 2284 (hoc
1573 2244 1675 2275 verbu

215 2299 365 2340 spurium
390 2294 520 2337 putavit
546 2289 628 2334 Sp.)
654 2289 751 2324 oculi
776 2292 838 2331 11,
864 2291 904 2331 3,
929 2289 975 2323 76
1002 2289 1047 2322 Ν’.
1075 2301 1122 2322 cr.
1154 2289 1275 2323 vultus
1301 2293 1448 2332 stupens
1471 2290 1515 2321 ib.
1540 2288 1618 2322 159.

171 2342 407 2397 Stuprator.
448 2350 571 2383 decem
606 2347 725 2390 milia,
757 2356 847 2391 quae
871 2356 988 2390 poena
1011 2345 1204 2390 stupratori
1226 2345 1419 2380 constituta
1441 2350 1517 2389 est,
1549 2344 1647 2380 dabit

217 2403 252 2442 2,
279 2399 336 2434 69.
373 2395 420 2438 cs.
445 2398 481 2438 7,
505 2395 540 2436 4,
563 2393 621 2428 42.
796 2424 801 2427 ,
1503 2425 1514 2437 ,v

171 2443 341 2499 Stupro·
378 2453 574 2500 ingenuum
601 2449 799 2495 stupravit,
826 2455 861 2484 et
889 2454 1066 2492 stupratus
1089 2459 1129 2483 se
1155 2448 1339 2494 suspendit
1360 2446 1404 2491 4,
1425 2450 1470 2491 2,
1492 2447 1550 2484 69.
1586 2495 1589 2498 .
1626 2487 1629 2489 ,
1687 2459 1690 2470 1

174 2511 426 2603 stuprum-84
427 2522 489 2554 ubi
529 2520 608 2565 quis
640 2519 865 2564 pudenda
897 2516 1080 2562 queritur,
1110 2522 1150 2551 ut
1182 2523 1249 2562 st.,
1281 2516 1471 2564 praecipue
1497 2515 1537 2551 in
1557 2510 1676 2553 marib‘

222 2571 260 2600 11
311 2572 328 2601 1
407 2583 438 2600 ¹.

176 2591 349 2653 suada-⁹
381 2625 511 2658 suadae
535 2620 691 2657 medulla
714 2625 772 2655 En
782 2635 814 2655 n.
839 2624 886 2664 2,·
912 2621 975 2664 15,
999 2619 1023 2654 4
1038 2621 1083 2654 Ν.

179 2678 362 2721 suadeo·
394 2693 434 2732 α)
458 2695 669 2735 simpliciter.-
694 2691 844 2724 suadere
868 2696 931 2723 etc.
956 2687 1036 2730 (non
1056 2695 1129 2722 suni
1143 2689 1298 2730 figurae)
1313 2689 1349 2731 9,
1367 2690 1402 2730 1,
1417 2688 1474 2720 23.
1496 2686 1643 2720 suade
1687 2692 1691 2693 ⁷

224 2736 255 2770 si
283 2736 368 2780 quid
394 2740 610 2771 consulet
631 2735 797 2782 princeps
824 2737 859 2778 3,
887 2737 921 2778 8,
949 2737 1007 2769 70.
1035 2747 1068 2768 υ.
1088 2733 1370 2768 Dissuadeo.
1393 2733 1434 2767 in
1455 2741 1514 2774 eo,
1542 2732 1643 2775 cujus
