1728 3002
174 229 220 266 11
228 228 254 266 6
317 264 320 268 ,
869 215 1011 258 Caum

229 344 319 375 tate
343 341 381 382 2,
398 338 455 381 13,
473 339 506 371 2.
532 333 702 377 causis,
728 329 926 367 effectis
951 337 1013 379 ete,
1037 328 1184 367 materia
1206 327 1311 373 (rieux
1330 328 1498 376 monendi)
1522 331 1711 376 praebetur

221 385 258 429 6,
283 388 316 429 3,
343 385 400 420 66.
433 384 508 418 ead.
535 393 641 416 causa
660 381 694 423 5,
719 382 774 422 10,
798 382 831 413 7.
861 376 1060 412 levioribus
1081 388 1178 411 caus.
1205 379 1262 420 12,
1288 379 1322 421 1,
1345 377 1402 415 38.
1430 377 1709 422 pluribusrcmoe,

223 436 259 475 7,
283 434 318 475 3,
341 430 377 466 4.
417 435 503 475 quot
526 434 561 463 et
585 427 712 472 quibus
737 436 831 459 caus.
858 434 930 458 non
955 422 1061 458 liceat
1084 426 1120 466 7,
1145 421 1181 466 4,
1206 423 1278 457 26.
1315 420 1595 468 [Quaecausa
1619 423 1713 459 dicta

223 478 409 513 obscurius
434 482 503 519 θεῖς
550 484 640 519 qua
677 483 810 506 causa
847 469 930 513 (sed
952 471 1050 504 Amb.
1076 472 1109 504 1.
1148 476 1321 514 utrumque
1349 471 1412 503 hoc
1438 469 1530 514 om.)
1566 470 1610 504 ed
1634 471 1710 515 ple-

222 525 324 559 niora
349 541 390 548 —
421 520 666 556 descendimus
690 519 736 559 8,
759 521 809 559 2,
830 514 877 550 24
901 516 946 550 Ν.
975 529 1020 550 cr.
1035 513 1076 560 ];
1121 514 1255 559 aliquid
1279 526 1403 550 eorum
1429 526 1566 550 causa
1589 517 1728 550 facero·

223 573 264 605 11
279 596 289 613 ,
314 573 356 612 1,
379 570 435 604 85.
470 567 559 609 reip.
586 575 693 600 causa
713 565 756 606 5,
781 565 846 605 10,
869 562 926 598 97.
953 562 990 606 6,
1014 563 1056 605 3,
1079 562 1137 597 68.
1168 561 1298 595 theatri
1322 572 1354 596 c.
1379 562 1437 605 11,
1461 563 1496 604 3,
1521 561 1599 598 179.
1624 573 1728 610 ver-3

221 617 348 650 horum
369 625 400 648 c.
423 615 456 657 8,
482 615 539 647 Pr.
559 614 616 647 32.
646 624 677 644 v.
706 609 881 651 Gratia3
908 613 1059 642 nostra
1086 619 1218 642 causa
1241 609 1275 650 7,
1299 606 1335 650 4,
1359 609 1392 643 9.
1423 607 1570 643 aliena
1592 607 1728 653 potius<

222 672 363 697 cansa
387 671 491 705 quam
513 670 590 692 sua
614 659 648 700 3,
672 659 707 699 7,
733 655 798 689 16:
835 652 872 698 b)
897 658 953 689 e‘x
971 664 1085 701 *causa
1106 654 1226 687 datum
1251 654 1396 698 (nomen)
1422 653 1455 697 5,
1482 657 1538 698 10,
1562 655 1620 689 30.
1653 661 1728 689 e‘xs

222 707 336 743 causis
358 705 522 750 probatio
556 707 600 745 7,
628 706 667 746 2,
696 702 752 737 35.
796 700 841 742 qs.
869 702 909 742 5,
941 702 1003 743 10,
1031 702 1088 736 33.
1134 711 1226 744 quae
1259 701 1320 735 vel
1349 710 1407 734 ex
1431 699 1614 744 causis,
1648 695 1728 735 velff

223 765 281 789 ex
304 751 635 787 efficientibus
659 748 807 782 dicimus
826 750 860 790 5,
886 749 943 790 10,
966 746 1022 782 86.
1048 746 1110 780 ina
1127 756 1272 791 quoque
1296 757 1353 781 ex
1377 757 1496 789 causa,
1525 746 1621 791 quod
1645 754 1728 784 enea

221 804 286 844 12,
312 804 355 843 1,
383 799 416 833 5.
457 808 515 831 ex
540 797 614 830 ead.
642 806 672 830 c.
697 796 733 837 3,
759 796 816 836 10,
839 796 873 827 2.
903 796 959 836 12,
982 795 1018 836 7,
1043 794 1077 827 7.
1114 804 1163 827 ex
1187 803 1258 837 qua
1277 803 1308 829 c.
1333 793 1368 835 5,
1391 791 1427 835 4,
1451 795 1486 826 2.
1515 804 1584 837 qua
1607 803 1656 826 ex
1679 788 1728 830 αἱ

218 849 276 881 Pr.
301 849 335 879 2.
370 843 489 878 multis
514 854 561 877 ex
585 853 616 876 c.
643 843 684 883 5,
709 843 774 882 12,
798 841 833 874 3.
867 839 961 883 justa
984 850 1033 874 ex
1057 849 1087 872 c.
1115 841 1179 881 11,
1206 842 1251 880 1,
1272 840 1329 874 57.
1368 837 1468 883 (res)
1497 849 1546 872 ex
1569 833 1728 883 paribus*

220 905 250 927 c.
276 890 449 936 judicatae
473 889 515 932 5,
540 890 582 930 2,
609 889 640 921 1.
677 897 725 921 ex
749 885 859 920 variis
885 896 916 919 c.
942 887 978 929 1,
1001 884 1037 928 4,
1059 886 1124 928 25;
1163 883 1290 929 quibus
1315 885 1369 918 de
1394 895 1492 919 caus.
1519 884 1562 927 4,
1585 887 1621 927 2,
1646 885 1711 927 15;

219 938 338 974 odium
361 936 468 983 igitur
490 934 534 968 in
556 944 664 968 causa
689 936 733 975 7,
759 935 798 975 1,
822 934 878 967 33.
922 937 962 965 tu‘
993 930 1041 965 in
1072 941 1181 965 causa
1208 930 1445 965 damnationis
1469 930 1570 965 fuisti
1595 933 1640 974 7,
1677 932 1712 974 1,

218 987 274 1021 53.
320 993 398 1018 esse
432 982 479 1016 in
517 991 623 1014 causa
650 978 843 1013 oblivionis
871 980 932 1021 11,
957 980 998 1020 2,
1021 975 1078 1011 43.
1114 976 1370 1012 verecundiam
1393 975 1515 1010 multis
1539 975 1583 1010 in
1606 974 1728 1011 causa'

216 1031 346 1072 fuisse,
384 1034 432 1062 ut
454 1028 548 1062 bona
571 1025 705 1073 ingenii
730 1044 775 1050 —
798 1029 1095 1058 consumerentur
1119 1025 1184 1066 12,
1210 1024 1251 1066 5,
1277 1024 1316 1065 23
1354 1033 1442 1057 non
1475 1021 1574 1057 sine
1605 1032 1712 1056 caiisa

220 1082 264 1119 1,
291 1079 353 1118 12,
377 1076 411 1110 9.
447 1076 511 1116 11,
537 1075 578 1116 3,
603 1075 660 1106 30.
696 1082 782 1105 nec
812 1070 913 1104 sine
945 1081 976 1104 c.
1002 1072 1043 1112 1,
1078 1071 1142 1112 10,
1175 1069 1231 1103 35.
1272 1071 1316 1111 3,
1348 1069 1397 1110 8,
1429 1069 1463 1104 8.
1498 1069 1546 1111 6,
1580 1069 1623 1110 1,
1651 1070 1710 1103 27.

223 1126 286 1165 10,
309 1121 352 1164 4,
378 1124 410 1154 1.
450 1123 509 1162 11,
537 1122 574 1161 1,
600 1121 656 1152 30.
735 1115 767 1160 ὃ)
793 1130 822 1150 c.
841 1117 1014 1159 Atheon..-
1038 1114 1233 1154 assumfiva
1258 1125 1364 1149 causa
1380 1117 1422 1158 7,
1445 1113 1493 1158 4,
1515 1117 1549 1150 7.
1578 1112 1728 1158 duplex‘

222 1181 254 1203 c.
280 1171 322 1210 2,
345 1170 385 1210 1,
409 1168 441 1201 1.
483 1171 542 1200 aut
566 1166 692 1198 falsam
717 1175 770 1206 c.,
805 1169 865 1196 aut
890 1164 1029 1204 levem,
1068 1167 1128 1195 ant
1154 1161 1314 1208 ignotam
1341 1171 1406 1195 reo
1431 1163 1473 1203 7,
1504 1163 1546 1204 2,
1580 1162 1637 1195 37.
1677 1159 1728 1194 c.³

219 1225 364 1261 prorsus
391 1212 510 1259 gravis
536 1214 568 1253 1,
593 1214 627 1254 2,
653 1213 685 1246 3.
715 1209 904 1244 honestior
927 1219 957 1242 c.
984 1210 1018 1250 3,
1043 1210 1079 1250 2,
1101 1210 1135 1241 2.
1165 1218 1196 1241 c.
1221 1205 1506 1242 intervenientes
1534 1206 1728 1248 extrinse-}

221 1273 283 1295 cns
307 1262 340 1302 3,
366 1261 400 1301 8,
424 1259 478 1292 18.
512 1258 603 1300 iusta
628 1268 659 1291 c.
687 1259 742 1294 11,
771 1259 804 1299 1,
830 1258 885 1290 57.
911 1254 1065 1298 majores
1090 1264 1120 1287 c.
1146 1256 1181 1298 7,
1204 1251 1240 1295 4,
1265 1251 1320 1287 34.
1357 1263 1389 1286 c.
1414 1253 1477 1287 vel
1498 1251 1654 1287 maxima
1675 1254 1713 1295 2,

219 1310 264 1350 3,
290 1309 343 1339 11.
384 1316 414 1339 c.
441 1305 619 1338 naturales
647 1305 704 1338 Pr.
732 1303 786 1337 16.
820 1312 918 1336 nova
943 1312 975 1334 c.
999 1300 1040 1342 4,
1070 1301 1128 1333 Pr.
1154 1301 1188 1332 1.
1222 1297 1436 1343 praecipuae
1461 1309 1492 1332 c.
1519 1301 1559 1337 2,
1587 1300 1651 1340 10,
1676 1299 1728 1332 3..

219 1353 340 1388 variae
364 1362 394 1385 c.
423 1353 463 1391 1,
490 1349 532 1392 4,
557 1352 613 1384 25.
675 1348 708 1391 ε)
738 1362 765 1382 ο.
793 1350 925 1383 Genii„-
962 1356 1091 1380 causae
1123 1344 1208 1379 belli
1232 1347 1292 1379 En
1305 1358 1336 1378 n.
1365 1345 1409 1386 6,
1436 1346 1478 1386 3,
1509 1344 1581 1378 86.
1603 1341 1728 1377 causa*

221 1396 474 1442 conjurationis
499 1399 539 1438 5,
565 1399 627 1438 10,
653 1397 709 1429 30.
733 1414 780 1420 --
807 1393 965 1428 desidiae
989 1394 1053 1434 10,
1078 1394 1113 1433 3,
1136 1392 1194 1426 29.
1227 1410 1274 1416 -
1299 1390 1507 1437 diligentiae
1527 1389 1565 1432 4,
1591 1390 1648 1424 Pr.
1675 1391 1728 1435 1...]

219 1465 264 1472 --
292 1441 539 1477 dominationis
565 1443 598 1484 5,
626 1444 680 1484 10,
706 1443 763 1476 71.
787 1460 834 1466 -
861 1445 1050 1483 corruptae
1074 1437 1302 1482 eloquentiae
1325 1438 1366 1479 8,
1389 1437 1433 1480 6,
1455 1437 1512 1472 76.
1536 1456 1583 1462 --
1603 1446 1728 1474 etms,

220 1491 270 1525 ris
293 1493 326 1532 7,
351 1493 384 1532 2,
408 1487 465 1523 40.
492 1509 535 1514 -
559 1488 679 1522 facti
704 1489 738 1529 3,
765 1490 821 1530 11,
847 1486 879 1521 5.
907 1488 963 1520 10.
990 1502 1031 1509 -—
1052 1485 1290 1518 factorum
1312 1483 1374 1518 vel
1396 1483 1661 1516 futurorum
1677 1481 1728 1524 5,ι

222 1539 276 1579 10,
301 1538 357 1570 33.
386 1538 418 1577 1,
444 1538 478 1576 2,
503 1536 536 1568 2.
563 1551 606 1558 -
635 1532 758 1578 judicii
781 1536 815 1575 3,
842 1535 898 1575 11,
923 1531 955 1566 5.
985 1529 1129 1575 [multas
1153 1529 1367 1573 judiciorum
1389 1539 1515 1563 causas
1540 1528 1586 1564 (i.
1613 1541 1641 1561 e.
1668 1526 1728 1566 im

216 1581 429 1628 judiciis)
454 1581 487 1623 5,
513 1583 547 1623 2,
571 1583 591 1615 3
636 1593 668 1614 υ.
690 1577 877 1623 Casus]
911 1588 1038 1611 causae
1060 1575 1248 1610 libidinum
1277 1578 1334 1619 12,
1358 1577 1416 1618 11,
1441 1575 1496 1610 18.
1521 1594 1567 1600 -
1595 1570 1728 1612 malo-v

220 1640 299 1663 rum
322 1629 355 1671 8,
378 1626 413 1670 4,
438 1630 492 1660 22.
517 1646 562 1652 ———
590 1625 713 1661 mortis
740 1629 778 1668 1,
804 1628 864 1668 10,
891 1627 947 1658 33.
973 1643 1019 1649 —-
1046 1621 1234 1657 nominum
1258 1623 1292 1664 1,
1315 1621 1358 1664 6,
1384 1621 1442 1657 26.
1465 1621 1527 1655 38.-
1549 1638 1587 1653 -ι-
1617 1619 1728 1660 risus}

221 1677 256 1718 8,
281 1677 314 1716 3,
339 1676 393 1706 23.
422 1692 467 1698 —
500 1673 716 1707 valetudinis
742 1675 783 1714 2,
810 1673 872 1712 16,
897 1671 931 1705 6.
958 1690 1002 1695 -
1034 1668 1231 1704 voluntatis
1253 1671 1290 1710 7,
1315 1670 1351 1710 2,
1374 1665 1445 1709 403
1470 1677 1602 1700 causae
1623 1675 1728 1707 con-1

218 1719 414 1754 tradicendi
434 1719 475 1762 9,
500 1722 545 1761 2,
569 1720 625 1753 83.
651 1739 692 1746 -—
722 1719 813 1752 falsa
837 1716 977 1751 dicendi
1003 1715 1044 1758 5,
1068 1714 1111 1758 4,
1137 1718 1156 1748 1
1182 1715 1230 1749 Ν.
1267 1712 1311 1755 ό.
1337 1715 1402 1756 11,
1428 1714 1470 1755 1,
1496 1712 1554 1747 72.
1578 1730 1626 1738 --
1654 1713 1728 1757 ⁶⁸²}

218 1765 374 1801 faciendi
397 1773 456 1799 aut
480 1776 552 1798 non
577 1764 733 1799 faciendi
758 1766 802 1807 3,
827 1765 867 1805 8,
895 1764 950 1798 19.
986 1760 1031 1803 cf.
1057 1763 1099 1803 3,
1126 1763 1183 1802 11,
1207 1761 1242 1794 6.
1267 1761 1324 1793 10.
1353 1760 1388 1801 5,
1416 1759 1472 1800 13,
1497 1756 1554 1792 14.
1581 1758 1728 1803 -1fa-3

220 1812 338 1847 ciendi
351 1811 495 1846 sceleris
512 1811 545 1853 5,
573 1813 629 1856 13,
657 1809 710 1846 14.
734 1830 780 1836 --
805 1808 970 1844 laedendi
987 1807 1020 1849 5,
1046 1809 1081 1850 7,
1106 1808 1161 1840 13.
1186 1825 1234 1831 --
1259 1803 1456 1839 mentiendi
1475 1801 1511 1847 4,
1536 1803 1570 1846 5,
1596 1805 1728 1838 17.--‘

219 1857 405 1893 occidendi
429 1857 464 1900 4,
488 1860 522 1900 2,
545 1855 603 1892 48.
632 1856 668 1899 4,
694 1857 728 1900 5,
751 1857 785 1891 9.
810 1874 858 1895 -,-
882 1852 1146 1888 subtrahendae
1170 1852 1197 1885 S
1215 1851 1341 1885 literae
1360 1851 1396 1894 9,
1419 1847 1455 1893 4,
1480 1850 1539 1884 38.
1565 1848 1728 1897 tenendi]

219 1904 331 1952 magis
358 1914 461 1938 causa
486 1906 542 1945 11,
567 1906 601 1946 2,
628 1906 684 1938 31.

313 1950 363 1993 11)
387 1953 418 1982 in
441 1950 598 1992 judiciis:
624 1945 880 1983 ιῖποθέσεις
904 1956 925 1979 a
950 1942 1099 1978 Graecis
1123 1941 1309 1984 dicuntur,
1339 1952 1511 1976 causae
1537 1952 1560 1975 a
1581 1939 1728 1981 nostris

221 1999 256 2040 3,
282 1996 314 2038 5,
338 1999 371 2030 7.
403 1994 445 2037 cf.
474 1996 526 2030 18.
558 2007 590 2029 v.
616 1992 884 2041 Negotium.
918 1993 1003 2024 inter
1030 2001 1206 2022 causam
1229 1996 1260 2022 et
1283 1989 1432 2021 thesin
1458 1989 1539 2034 quid
1561 1989 1712 2031 inignit?

221 2043 257 2086 3,
281 2045 315 2085 5,
341 2044 396 2075 11.
425 2053 456 2074 v.
482 2040 654 2075 Thesis.
687 2039 848 2084 quomodo
872 2038 1100 2080 Apollodorus
1126 2047 1297 2068 causam
1314 2035 1446 2076 finiat?
1474 2036 1516 2067 ib.
1539 2036 1595 2069 17.
1625 2046 1710 2079 qno-

220 2090 316 2122 modo
342 2091 504 2120 Isocrates
532 2095 562 2120 et
590 2088 731 2121 Cicero?
756 2087 799 2118 ib.
823 2085 878 2118 18.
904 2081 997 2127 quid¹
1013 2082 1113 2116 litem
1136 2080 1265 2123 faciat,
1293 2081 1390 2125 quod
1414 2080 1457 2113 ab
1475 2079 1547 2114 illis
1573 2090 1711 2121 causa

219 2135 282 2169 vel
316 2133 561 2168 continens
594 2132 723 2166 dicitur
746 2133 789 2172 3,
824 2132 888 2172 11,
918 2127 975 2162 24.
1034 2126 1071 2168 α)
1102 2127 1349 2161 Nominat..·
1385 2137 1468 2171 curn
1498 2130 1554 2160 tot
1577 2125 1728 2161 seculis

219 2181 318 2214 nulla
347 2185 487 2223 reperta
514 2179 560 2212 sit
590 2189 719 2220 causa,
754 2183 847 2220 quae
872 2180 967 2218 esset
989 2179 1064 2207 tota
1089 2173 1192 2207 alteri
1214 2172 1339 2206 similis
1359 2175 1396 2214 7,
1423 2173 1482 2206 Pr.
1505 2169 1539 2206 4.
1581 2182 1728 2209 causae

219 2227 412 2267 docebunt,
442 2236 487 2258 an
512 2232 571 2258 etc.
601 2228 635 2266 2,
661 2225 716 2265 13,
743 2224 774 2257 5.
806 2222 901 2255 circa
924 2219 1055 2265 primas
1079 2218 1308 2263 quaestiones
1332 2217 1712 2257 conflixisseeausam

218 2273 252 2313 3,
276 2272 310 2311 6,
337 2273 391 2303 12.
432 2282 513 2304 cum
538 2270 575 2303 in
603 2268 847 2313 propositione
876 2278 918 2301 ac
942 2265 1161 2300 refutatione
1181 2275 1288 2298 causa
1312 2262 1480 2298 consistat
1505 2265 1567 2306 12,
1591 2263 1627 2306 9,
1653 2263 1710 2299 19.

219 2327 299 2350 cum
324 2315 437 2350 omnis
461 2327 492 2349 c.
521 2316 745 2349 contineatur
768 2313 886 2358 aliquo
913 2317 1006 2346 statu
1032 2312 1066 2353 3,
1090 2311 1126 2353 6,
1154 2313 1186 2344 1.
1217 2309 1314 2354 quod
1340 2319 1408 2342 nec
1431 2308 1549 2343 omnis
1574 2320 1710 2353 quae—

219 2361 315 2395 stio
346 2360 427 2404 (Sp.
454 2360 603 2402 actio)
635 2361 788 2404 patitur,
824 2370 893 2393 nec
918 2357 1035 2391 omnis
1061 2366 1206 2390 causa
1239 2354 1418 2389 desiderat
1441 2352 1488 2397 4,
1514 2357 1558 2397 1,
1586 2353 1708 2399 24Ν.

218 2407 343 2451 quaed.
369 2417 461 2439 caus.
486 2406 663 2450 propriam
695 2404 977 2439 moderationem
1012 2401 1215 2435 desiderant
1241 2402 1303 2443 11,
1329 2403 1369 2443 1,
1401 2400 1457 2435 58.
1497 2400 1709 2445 displicente

217 2462 324 2486 causa
346 2454 402 2493 12,
426 2453 462 2493 9,
485 2452 519 2484 6.
550 2462 620 2495 quo
644 2451 749 2486 distet
773 2453 864 2485 haec
888 2461 919 2483 c.
944 2459 964 2482 a
980 2447 1125 2489 ceteris,
1155 2445 1300 2491 quaein
1320 2452 1533 2490 potestatem
1556 2446 1728 2494 victoris,

216 2496 383 2532 venirent
407 2496 449 2538 5,
475 2498 540 2538 10,
566 2496 643 2529 114.
684 2497 824 2542 quoties
852 2505 956 2529 causa
980 2493 1197 2537 patieturx'a',
1222 2491 1265 2535 4,
1290 2493 1347 2526 31.
1389 2490 1520 2536 [causa
1546 2492 1639 2536 justa
1667 2488 1714 2527 fit

215 2543 360 2576 salendo
387 2548 444 2574 etc.
476 2541 532 2584 (Z.
555 2543 640 2586 conj.
666 2549 852 2576 excusat
877 2553 921 2574 se
942 2538 1135 2582 fatendo
1163 2537 1217 2580 ὁ.)
1243 2541 1299 2581 11,
1325 2542 1358 2580 1,
1384 2540 1430 2573 73
1455 2539 1500 2572 Ν.
1527 2537 1592 2581 cn]
1622 2549 1722 2573 cau->

216 2597 255 2622 sa
280 2588 318 2620 fit
341 2586 492 2620 lucidior
515 2585 560 2627 4,
586 2589 626 2628 5,
654 2591 684 2621 1.
722 2588 749 2621 si
776 2586 976 2621 dementiae
1003 2595 1109 2618 causa
1133 2583 1201 2618 erit
1224 2587 1259 2626 7,
1283 2583 1324 2627 4,
1349 2586 1404 2618 10.
1437 2583 1467 2617 si
1491 2583 1706 2628 multiplices
1726 2609 1728 2623 1

213 2638 318 2669 erunt
349 2643 380 2666 c.
413 2634 454 2673 7,
489 2633 554 2673 10,
589 2634 643 2665 13.
709 2636 751 2677 β)
781 2635 951 2669 Genii„-
981 2641 1039 2664 res
1066 2629 1232 2674 propriae
1257 2635 1339 2663 sunt
1366 2628 1538 2673 cujusque
1563 2623 1728 2677 causae*

213 2686 346 2724 paucae
373 2688 576 2710 communes
601 2679 656 2719 10,
685 2682 715 2719 1,
740 2680 774 2712 6.
813 2676 991 2712 accusatio
1020 2682 1056 2712 et
1081 2676 1245 2710 defensio
1273 2686 1402 2710 causae
1424 2677 1459 2716 3,
1483 2676 1518 2717 8,
1542 2676 1598 2710 55.
1627 2687 1705 2710 ma-

213 2728 270 2759 lae
294 2734 420 2757 causae
436 2728 680 2768 argumentum
708 2726 761 2766 12,
792 2729 820 2766 t,
848 2726 900 2758 13.
930 2733 1066 2757 causer.
1093 2721 1338 2756 commentarii
1366 2722 1420 2765 10,
1444 2723 1480 2763 7,
1507 2723 1563 2755 30.
1601 2732 1704 2757 com-2
1726 2718 1728 2728 ¹

214 2774 342 2816 plexus
370 2779 504 2802 causar.
531 2770 575 2809 2,
599 2767 640 2809 4,
665 2768 721 2805 36.
750 2771 790 2810 5,
818 2772 878 2812 10,
908 2770 985 2802 103.
1016 2786 1062 2792 -
1099 2767 1266 2802 condicio
1290 2769 1334 2810 3,
1357 2766 1399 2809 6,
1429 2767 1481 2801 15.
1509 2765 1552 2809 4,
1575 2769 1623 2810 2,,
1643 2770 1703 2803 25.

213 2820 269 2860 10,
295 2819 331 2859 2,
356 2817 411 2848 23.
442 2817 497 2855 11,
525 2816 557 2856 1,
580 2812 636 2846 48.
665 2832 710 2839 -
744 2814 857 2858 prima
883 2813 1065 2849 conflictio
1088 2814 1125 2858 3,
1148 2813 1185 2857 6,
1209 2816 1265 2849 11.
1298 2831 1346 2840 -—
1385 2811 1551 2848 defensio
1582 2817 1644 2858 11,,
1668 2813 1706 2858 1.
