1742 2964
164 183 246 223 946
828 177 1022 222 Verbum

210 295 256 329 28
279 292 327 328 Ν.
359 291 499 327 mutatis
522 303 559 328 v.
584 294 621 335 1,
644 292 689 336 9,
712 294 747 327 2.
777 293 878 334 v.>in
901 293 1086 329 universas
1109 292 1264 336 paranda
1286 301 1411 326 causas
1435 293 1499 335 10,
1522 294 1565 335 1,
1588 292 1624 328 6.
1650 303 1689 327 v.

211 341 361 374 honesta
379 338 537 374 moribus
557 338 775 384 perdidimus
798 341 834 380 8,
858 341 893 383 3,
917 339 974 375 45.
1010 339 1048 373 in
1072 338 1198 384 quibus
1221 338 1372 373 verbum
1393 347 1460 381 pro
1475 337 1595 373 *verim
1623 349 1692 382 po-

211 392 356 420 neretur
377 386 420 423 8.
443 385 490 428 6,
513 387 547 420 3.
582 396 621 420 v.
645 391 743 420 tanto
768 391 850 420 ante
872 390 1079 430 praeparata
1102 388 1144 426 2,
1170 383 1216 428 4,
1243 385 1301 420 28.
1325 382 1359 417 si
1380 383 1691 419 ald-necessitatem

211 431 346 466 ordinis
369 430 423 466 sui
446 442 482 466 v.
507 430 711 479 redigantur
734 433 780 474 8,
803 432 847 475 6,
869 432 926 467 62.
950 432 990 466 in
1012 430 1170 475 epistolis
1198 432 1288 465 haec
1311 429 1424 464 refert
1445 441 1484 465 v.
1507 430 1550 472 6,
1572 431 1608 472 3,
1633 432 1692 464 20.

213 489 294 512 cum
320 489 355 512 v.
383 477 461 521 ipsa
484 489 603 512 rerum
627 477 739 524 gratia
760 478 831 512 sint
853 484 994 522 reperta
1025 479 1070 521 8,
1096 478 1154 511 Pr.
1179 478 1238 512 32.
1261 477 1394 523 figura,
1427 487 1496 519 qua
1517 486 1555 511 v.
1581 475 1692 510 decli-

212 530 295 558 nata
316 529 524 568 repetuntur
546 525 592 567 9,
618 527 659 566 3,
684 526 741 559 85.
778 524 978 559 necessaria
1005 523 1158 559 orationi
1188 522 1398 557 subtrahunt
1430 532 1467 556 v.
1493 522 1535 564 8,
1564 523 1610 564 2,
1636 523 1692 557 19.

210 569 256 612 cf.
281 571 316 614 9,
345 572 380 613 3,
405 571 463 606 59.
488 582 527 606 v.
555 570 676 604 verbis
699 572 844 604 trahunt
866 572 901 614 9,
925 569 962 615 4,
985 573 1044 605 20.
1082 582 1115 604 υ.
1141 570 1202 604 Tr
1211 580 1231 603 a
1235 569 1312 612 bo.
1344 566 1508 610 traiicere
1532 566 1571 601 in
1594 567 1693 601 clau-

211 617 306 651 sulas
330 628 367 651 v.
397 617 442 657 9,
466 613 508 659 4,
533 617 589 650 31.
617 617 829 651 transfertur
853 628 891 652 v.
915 617 962 660 8,
989 617 1034 660 6,
1063 618 1095 651 5.
1122 626 1227 663 aegre
1253 626 1292 651 v.
1317 619 1518 650 vertentem
1538 615 1608 657 ,12,
1635 616 1694 655 10,

211 666 255 698 77
279 662 326 697 Ν.
371 661 412 706 b)
435 662 479 695 ad
503 662 624 697 omnia
646 674 684 698 v.
711 674 750 697 se
775 663 918 710 alligare
941 665 996 706 11,
1023 666 1059 705 2,
1082 661 1139 698 48.
1165 663 1210 696 ad
1236 667 1335 708 certa
1355 671 1394 695 se
1416 671 1455 695 v.
1477 658 1715 706 astringendi=

209 712 253 750 7,
280 710 322 751 3,
348 709 404 744 16.
430 709 474 742 ad
502 710 654 744 verbum
678 709 724 742 sit
746 710 975 743 ediscendum
1002 711 1058 753 11,
1084 710 1120 752 2,
1146 706 1205 743 44.
1242 719 1272 742 υ.
1294 707 1370 742 Ad.
1394 707 1565 750 pleraque
1588 704 1695 740 etiam

212 754 300 789 citra
322 765 360 789 v.
385 753 558 800 significat
583 754 680 799 (vox)
705 758 761 798 11,
785 757 819 799 3,
843 756 902 791 65.
929 755 959 790 si
983 760 1129 800 propter
1151 754 1290 801 singula
1309 764 1350 790 v.
1374 753 1419 787 ad
1441 751 1598 798 singulas
1620 751 1697 785 for-

209 812 284 835 mas
309 801 572 845 respiciendum
598 801 665 836 erit
690 804 746 845 11,
769 804 803 842 2,
828 802 887 837 26.

255 865 299 911 ζ)
324 870 440 903 Ablat.
477 867 510 912 a)
535 872 604 904 nec'
632 870 703 903 hoc
728 868 850 915 paucis
872 870 981 904 modo
1006 880 1043 904 v.
1068 871 1125 912 11,
1153 870 1187 912 1,
1211 867 1268 903 58.
1290 878 1328 904 v.
1351 865 1559 901 felicissime
1577 865 1694 900 audax

210 915 272 957 10,
303 917 341 957 1,
368 915 425 950 96.
458 915 580 950 verbis
616 921 699 949 sunt
721 927 796 950 non
821 917 970 950 multum
1002 915 1206 950 differentes
1231 915 1294 957 10,
1319 915 1364 956 2,
1394 913 1449 947 16.
1480 917 1612 957 quanto
1636 922 1697 946 res

209 960 286 1004 ipsa
307 972 345 996 v.
370 967 424 995 est
445 961 581 996 firmior
603 963 646 1004 8,
674 960 716 1006 4,
740 963 798 998 26.
823 974 861 998 v.
887 962 1035 996 nitidum
1058 963 1092 1004 8,
1117 963 1151 1005 3,
1178 963 1232 995 12.
1258 957 1326 994 cur*
1349 958 1418 993 alia
1440 955 1584 1002 (spatia)
1605 969 1698 1001 pau-

209 1005 365 1040 cioribus
387 1018 426 1042 v.
462 1008 546 1042 satis
580 1009 708 1052 plena,
743 1010 805 1045 vel
833 1008 1003 1050 nimium,
1039 1008 1107 1042 alia
1139 1005 1298 1052 pluribus
1329 1004 1455 1040 brevia
1485 1010 1522 1039 et
1558 1003 1696 1038 abscisa

210 1053 315 1086 sunt?
339 1055 381 1096 9,
404 1052 448 1096 4,
479 1055 556 1089 118.
590 1065 707 1099 paene
739 1054 866 1089 similia
889 1054 1011 1090 verbis
1034 1055 1079 1098 9,
1104 1055 1147 1097 3,
1170 1053 1230 1089 79.
1253 1060 1340 1086 num
1362 1051 1458 1085 idem
1484 1049 1636 1098 diversis
1658 1060 1696 1084 v.

208 1100 531 1143 comprehendatur
555 1103 587 1142 7,
611 1102 647 1143 3,
676 1103 731 1136 12.
758 1113 793 1135 υ.
823 1101 1192 1146 Comprehendo.
1215 1097 1537 1142 Complector.
1559 1101 1697 1129 utrum-

209 1156 278 1189 que
301 1147 429 1180 eodem
451 1147 560 1181 modo
583 1148 699 1182 verbo
723 1147 926 1182 continetur
952 1146 994 1190 (i.
1017 1159 1046 1180 e.
1071 1147 1164 1180 eod.
1184 1145 1405 1190 pertinet)
1433 1144 1554 1177 venit
1577 1143 1634 1184 11,
1659 1141 1700 1184 3,

209 1192 266 1226 36.
296 1191 342 1233 cs.
366 1193 409 1235 9,
431 1191 475 1235 4,
500 1193 558 1228 65.
583 1199 703 1229 cetera
726 1193 880 1239 propriis
905 1193 1025 1227 decisa
1048 1197 1130 1226 sunt
1151 1203 1190 1227 v.
1214 1192 1259 1234 8,
1282 1191 1326 1234 6,
1350 1189 1408 1225 47.
1433 1199 1508 1224 non
1532 1189 1698 1222 deerrare
1722 1194 1727 1201 ·

205 1248 244 1273 v,
270 1240 331 1281 12,
358 1240 421 1281 10,
445 1237 503 1273 64.
530 1244 606 1273 tota
629 1251 748 1273 rerum
771 1240 889 1286 imago
913 1251 952 1274 v.
980 1237 1243 1284 quodammodo
1272 1235 1473 1282 depingitur
1497 1235 1541 1277 8,
1562 1235 1609 1277 ὃ,
1635 1233 1698 1268 63.

205 1283 365 1327 pluribus
390 1295 427 1318 v.
453 1284 524 1317 dici
548 1286 587 1327 9,
616 1288 662 1327 2,
691 1289 745 1319 17.
767 1297 806 1320 v.
831 1287 976 1320 elevare
1003 1285 1129 1328 quaed.
1151 1282 1195 1325 4,
1219 1285 1263 1323 2,
1287 1285 1345 1317 77.
1371 1294 1406 1315 v.
1427 1281 1589 1315 Eludo.
1615 1279 1697 1323 plu-

205 1328 302 1363 ribus
325 1341 363 1364 v.
391 1331 650 1363 emendandum
674 1333 716 1372 7,
741 1331 786 1374 9,
813 1333 868 1365 12.
893 1342 931 1365 v.
958 1331 1222 1363 excandescere
1247 1329 1290 1369 5,
1321 1329 1386 1370 10,
1409 1326 1457 1361 64
1479 1328 1528 1360 Ν.
1552 1338 1599 1359 cr.
1637 1323 1696 1358 Fit

204 1374 310 1409 etiam
331 1374 479 1420 singulis
501 1386 539 1410 v.
554 1377 610 1418 9,
634 1377 678 1418 3,
703 1379 760 1410 77.
785 1386 876 1420 quae
899 1387 937 1410 v.
960 1385 1034 1408 uno
1060 1374 1197 1408 inclusa
1220 1377 1321 1407 erant
1343 1373 1388 1415 8,
1408 1373 1450 1414 3,
1477 1372 1536 1407 68.
1561 1369 1697 1413 verbis,

205 1426 243 1454 ut
274 1420 414 1464 saepius
447 1432 568 1465 pressa
596 1427 671 1464 est,
707 1421 757 1455 ita
780 1420 924 1455 interim
950 1420 1103 1467 insurgit
1129 1417 1324 1463 (narratio)
1345 1419 1388 1461 9,
1411 1416 1457 1460 4,
1483 1415 1562 1451 134.
1594 1416 1697 1460 cujus

205 1466 336 1510 (legis)
358 1466 526 1501 verbis
550 1467 696 1501 nitimur
720 1480 798 1510 opp.
821 1468 1060 1502 Voluntas
1090 1467 1135 1508 3,
1163 1467 1207 1507 6,
1231 1465 1289 1499 87.
1320 1475 1359 1499 v.
1383 1473 1457 1498 uno
1482 1461 1698 1510 magnitudi-

204 1524 288 1557 nem
317 1513 393 1556 ejus
417 1513 572 1547 ostendit
595 1514 640 1557 8,
666 1515 707 1555 3,
731 1512 786 1547 84.
812 1512 858 1554 cs.
883 1511 926 1554 4,
951 1515 996 1554 2,
1019 1512 1075 1547 96.
1109 1511 1207 1555 quod
1228 1519 1302 1543 uno
1327 1521 1367 1544 v.
1389 1514 1507 1553 patet,
1534 1508 1696 1553 pluribus

204 1568 392 1593 oneramus
415 1560 449 1601 8,
473 1560 531 1592 Pr.
557 1558 616 1592 24.
641 1557 686 1600 cs.
711 1559 747 1601 6,
775 1560 809 1601 1,
834 1561 869 1592 2.
899 1557 1144 1602 [pessumdare
1167 1558 1316 1590 alterum
1342 1565 1381 1590 v.
1406 1556 1472 1597 (Z.
1496 1553 1579 1598 om.)
1607 1556 1695 1588 Cic.

204 1605 247 1648 8,
270 1605 315 1647 6,
338 1603 410 1648 47.]
437 1605 696 1639 firmamentum
721 1604 833 1649 ipsius
854 1616 893 1640 v.
922 1614 1053 1648 ponam
1076 1605 1120 1646 3,
1143 1605 1202 1646 11,
1227 1604 1285 1636 12.
1311 1611 1358 1635 an
1380 1600 1464 1635 satis
1486 1599 1632 1645 proprio
1655 1611 1695 1635 v.

203 1650 479 1697 significaverim
498 1652 534 1694 8,
548 1651 584 1694 4,
604 1650 660 1685 15.
684 1662 738 1693 v„
763 1649 889 1694 quibus
910 1655 1059 1684 utuntur
1075 1659 1200 1683 omnes
1226 1650 1262 1690 2,
1280 1647 1337 1690 16,
1359 1647 1416 1682 19.
1463 1645 1504 1691 b)
1527 1657 1549 1680 a
1564 1646 1697 1689 verbo,

206 1700 369 1730 Patres
393 1710 468 1730 con
481 1699 666 1740 scripti,·
701 1697 753 1730 sic
776 1696 871 1739 enim
897 1695 1138 1740 incipiendum
1161 1699 1215 1730 est
1241 1695 1284 1736 8,
1309 1695 1351 1734 5,
1373 1694 1430 1726 20.
1453 1703 1552 1726 cum
1572 1691 1696 1736 verbis

205 1742 279 1777 suis
303 1742 506 1777 colluctatio
534 1745 598 1785 11,
623 1744 666 1784 3,
692 1743 748 1778 56.
773 1742 995 1778 levissimum
1026 1743 1135 1786 longe
1159 1750 1271 1787 genus
1293 1737 1470 1782 (figurae)
1493 1749 1554 1773 ex
1579 1738 1701 1781 verbo,

204 1791 240 1832 9,
263 1791 299 1832 2,
326 1790 386 1824 99.
415 1788 460 1830 cf.
479 1790 537 1832 11,
556 1791 592 1831 2,
612 1789 674 1830 19;
700 1787 868 1833 scriptum
891 1794 928 1823 et
954 1789 1187 1824 voluntas
1215 1787 1260 1820 de
1284 1794 1329 1819 eo
1352 1783 1506 1827 disputat
1531 1785 1695 1826 verbo,

205 1836 302 1879 quod
326 1841 379 1869 est
405 1834 443 1869 in
466 1835 546 1881 lege
574 1838 618 1878 7,
643 1837 710 1877 10,
735 1836 770 1869 3.
796 1834 841 1876 cjl
867 1837 912 1868 ib.
931 1837 965 1868 2.
990 1837 1026 1876 7,
1051 1836 1084 1876 1,
1113 1835 1178 1876 133
1207 1837 1243 1866 et
1264 1831 1353 1866 haec
1375 1829 1494 1864 omnia
1519 1829 1558 1865 in
1580 1829 1694 1872 tribus

205 1892 240 1916 v.
266 1882 300 1922 9,
327 1879 362 1924 4,
386 1882 432 1915 78
454 1882 502 1915 Ν.
527 1881 565 1914 in
588 1880 674 1924 ipsis
695 1892 735 1915 v.
759 1880 849 1927 legis
874 1883 909 1924 7,
933 1881 975 1924 6,
997 1881 1032 1915 8.
1057 1879 1096 1913 in
1123 1890 1161 1914 v.
1189 1876 1336 1912 effusior
1358 1877 1472 1910 cultus
1496 1877 1541 1919 3,
1563 1877 1606 1920 8,
1634 1874 1692 1911 58.

205 1927 449 1961 auctoritatem
472 1926 511 1960 in
536 1938 575 1962 v.
604 1926 721 1970 (esse)
749 1929 794 1960 ci
804 1940 833 1961 c.
863 1927 905 1970 8,
933 1928 976 1968 3,
999 1924 1057 1960 43.
1082 1924 1212 1972 figuras
1241 1933 1320 1958 esse
1341 1921 1442 1958 in-v.
1471 1925 1510 1963 2,
1539 1924 1606 1964 13,
1634 1923 1693 1956 11.
1726 1922 1734 1931 “

206 1972 251 2014 cs.
277 1975 319 2015 9,
343 1975 387 2015 3,
410 1975 467 2006 22.
494 1974 552 2007 89.
574 1971 724 2006 imitatio
748 1983 822 2007 non
845 1972 890 2007 sit
910 1977 1048 2006 tantum
1070 1970 1108 2004 in
1130 1982 1168 2006 v.
1195 1971 1251 2012 10,
1274 1971 1309 2012 2,
1333 1970 1391 2003 27.
1407 1973 1568 2016 ‚metrum
1589 1967 1629 2001 in
1653 1979 1693 2002 v.

205 2020 313 2053 modo
346 2024 400 2052 est
421 2019 463 2061 9,
486 2017 530 2062 4,
554 2020 611 2053 50.
637 2029 742 2062 saepe
767 2024 822 2052 est
845 2019 1042 2054 vehemens
1066 2015 1193 2061 aliquis
1216 2025 1342 2050 sensus
1368 2013 1407 2055 in
1429 2014 1543 2048 verbo
1567 2015 1610 2048 ib.
1633 2014 1694 2048 28.

205 2066 243 2098 ἱιι
265 2076 303 2099 v.
328 2063 502 2098 sermonis
524 2064 582 2099 vis
610 2067 654 2099 ib.
677 2065 734 2099 26.
767 2064 896 2100 vitium
924 2070 984 2098 aut
1006 2063 1044 2097 in
1070 2061 1233 2098 verbis
1265 2066 1319 2096 est
1344 2065 1405 2094 aut
1429 2058 1468 2093 in
1493 2059 1635 2094 rebus
1657 2061 1694 2101 2,

204 2111 248 2154 4,
271 2112 329 2145 37.
355 2108 630 2153 (soloecismum)
659 2109 699 2143 in
720 2111 873 2146 verbo
901 2121 981 2144 esse
1004 2108 1154 2152 vitium,
1183 2118 1258 2142 non
1279 2107 1318 2141 in
1343 2115 1581 2147 sermone,
1608 2115 1694 2139 con-

205 2157 356 2190 tendunt
385 2159 426 2199 1,
450 2159 490 2198 5,
516 2155 572 2191 34.
587 2162 766 2200 „corrupta
788 2157 902 2191 oratio
928 2155 966 2190 in
987 2167 1025 2191 v.
1049 2163 1111 2189 etc.
1135 2154 1297 2198 maxime·
1314 2149 1474 2187 consistit
1495 2151 1539 2192 8,
1564 2153 1606 2194 3,
1631 2151 1689 2185 57.

205 2202 438 2247 perspicuitas
463 2202 499 2236 in
522 2214 560 2238 v.
578 2202 806 2247 praecipuam
830 2203 938 2236 habet
962 2201 1215 2246 proprietatem
1234 2201 1270 2243 8,
1291 2202 1326 2241 2,
1341 2201 1374 2233 1.
1393 2196 1555 2241 quamvis
1572 2196 1691 2237 minus

206 2249 242 2282 in
268 2260 306 2284 v.
330 2249 484 2282 habeant
510 2248 693 2284 varietatis
728 2254 764 2282 et
793 2248 925 2294 gratiae
951 2249 995 2290 9,
1019 2247 1063 2290 4,
1090 2246 1169 2282 145.
1201 2254 1404 2280 sermonem
1428 2243 1692 2287 praeferentem

206 2295 242 2328 in
264 2305 302 2330 v.
331 2302 393 2328 ew.
417 2294 602 2339 proprium
628 2295 760 2338 quend.
785 2300 924 2341 gustum
946 2293 1053 2328 Urbis
1076 2293 1119 2336 6,
1143 2294 1185 2334 3,
1212 2294 1268 2327 17.
1299 2302 1334 2326 v.
1357 2290 1464 2323 Res.
1494 2288 1691 2323 Senten-

208 2340 282 2375 tia.
314 2341 486 2375 Sermo.
525 2340 854 2388 Significatio-

250 2406 303 2449 ΙΙ)
334 2420 414 2451 pars
444 2411 623 2442 orationis.-
661 2408 784 2443 Verba
815 2419 911 2443 nunc
937 2405 1150 2454 generaliter
1171 2402 1287 2448 accipi
1307 2403 1418 2438 volox
1448 2402 1532 2435 nain
1557 2401 1690 2445 duplex

204 2464 328 2488 eorum
350 2453 551 2488 intellectus
577 2460 647 2497 est;
679 2456 779 2497 alter,
809 2454 868 2498 qui
893 2454 1023 2496 omnia,
1046 2463 1112 2497 per
1134 2462 1226 2496 quae
1252 2458 1369 2484 sermo
1393 2447 1560 2491 nectitur,
1583 2446 1694 2494 signi-

205 2499 369 2540 ficat—3
404 2501 512 2542 alter,
546 2500 583 2533 in
610 2510 682 2544 quo
709 2506 764 2534 est
788 2511 858 2533 una
885 2511 965 2543 pars
989 2497 1182 2538 orationis,
1210 2500 1327 2538 lego,
1350 2495 1495 2527 scribo
1520 2496 1564 2537 1,
1587 2493 1611 2528 5
1653 2495 1692 2527 2.
1740 2536 1742 2538 q

203 2546 312 2578 mulla
344 2546 457 2579 verba
490 2555 564 2578 non
596 2551 710 2579 totum
748 2545 995 2579 declinationis
1040 2544 1203 2578 ordinem
1236 2541 1379 2576 ferunt:
1421 2539 1548 2583 quaed·
1606 2517 1690 2578 3⁸¹1!

207 2596 402 2634 mutantur,
426 2596 464 2624 ut
484 2590 512 2632 s
515 2604 584 2624 ero
611 2592 649 2625 in
673 2592 885 2635 praeterito:
914 2591 1040 2636 quaed.
1067 2589 1192 2624 tertiae
1216 2587 1358 2622 demum
1380 2593 1555 2629 personae
1577 2585 1691 2631 figura

205 2635 369 2669 dicuntur
388 2649 455 2670 —-:
492 2638 619 2681 quaed.
653 2637 767 2671 simile
802 2638 922 2682 quidd.
950 2637 1128 2682 patiuntur
1151 2630 1423 2674 vocabulis,
1452 2629 1602 2675 quaein
1629 2631 1689 2663 ad·

200 2681 363 2716 vei-bium
385 2687 580 2717 transeunt.
616 2684 706 2717 Nam
731 2689 771 2716 ut
797 2689 947 2718 noctu
967 2694 1009 2717 ac
1035 2682 1126 2723 diu,
1150 2680 1199 2714 ita
1222 2677 1353 2713 dictu
1377 2682 1413 2711 et
1434 2678 1629 2719 factu1,
1653 2674 1688 2718 4,
1714 2699 1742 2713 ν,

204 2728 260 2760 29.
284 2738 321 2762 v.
343 2727 574 2771 participialia
597 2731 640 2762 ib.
666 2734 704 2762 ut
728 2730 972 2764 vocabula
996 2726 1181 2768 verbis,
1208 2723 1356 2761 verba
1377 2734 1500 2757 rursus
1524 2722 1687 2756 adver-

204 2771 294 2806 biis
317 2778 436 2806 essent
459 2774 579 2817 priora
606 2775 666 2816 (in
690 2774 930 2819 collocatione)
952 2776 997 2819 9,
1020 2773 1067 2818 4,
1090 2771 1150 2807 24.
1171 2772 1210 2806 in
1233 2775 1358 2805 natura
1381 2769 1528 2803 verbor.
1552 2773 1623 2809 est,
1653 2771 1688 2800 et
