1728 3002
195 206 277 247 720
376 235 387 245 .
761 204 920 247 Pudice
950 229 1004 237 —-
1032 182 1143 248 Puer

240 317 354 353 mines
377 317 445 353 isto
469 316 639 353 caedendi
662 319 741 362 jure
763 319 951 354 abutantur
974 323 1008 364 1,
1031 321 1064 361 3,
1094 322 1149 355 17.
1183 319 1294 364 pudet
1315 318 1501 356 dissentire
1526 323 1581 366 10,
1607 325 1641 366 1,
1668 324 1722 358 17.

237 367 315 399 111.
341 364 482 399 interim
507 376 543 409 p.
568 364 728 399 dubitare
752 367 819 410 10,
844 367 882 408 3,
907 367 963 402 19.
996 371 1141 410 propter
1163 377 1269 411 quem
1291 365 1483 412 (affectum)
1506 367 1626 403 facere
1654 370 1722 403 ho-

238 416 339 445 neste
361 423 397 454 p.
425 413 488 453 12,
516 410 559 454 5,
584 412 617 445 3.
651 422 698 445 an
727 421 801 445 non
832 412 963 456 pudeat
994 418 1126 447 certam
1150 412 1319 448 creditam
1345 412 1502 456 periodis
1523 415 1722 458 postulasse

235 458 271 500 8,
294 459 329 499 3,
356 455 410 490 14.
436 467 504 490 nec
526 461 646 491 tamen
668 457 699 491 si
721 457 805 502 quid
823 459 911 493 novi
933 459 994 494 vel
1016 469 1098 493 sero
1121 459 1352 502 invenissem,
1377 459 1583 504 praecipere
1603 460 1640 494 in
1656 471 1723 505 po-

239 509 372 537 sterum
394 503 544 547 puderet
567 506 612 546 2,
643 503 684 547 5,
708 506 741 538 3.
794 506 846 549 β)
868 507 991 539 Par-iio.
1018 508 1135 539 Passa
1160 505 1234 539 illic
1257 505 1535 549 major-cestim,
1559 505 1622 541 ubi
1645 505 1723 551 quis

234 549 399 593 pudenda
433 549 592 593 queritur
617 552 680 592 11,
708 553 724 583 1
739 576 749 592 ,
773 548 832 585 84.
869 551 964 594 quod
989 551 1112 587 evenit
1134 552 1327 596 praecipue
1353 550 1392 585 in
1414 551 1588 586 fabulosis
1610 563 1724 596 usque

239 596 284 628 ad
312 593 605 636 deridicula,
639 597 813 640 quaedam
845 598 951 631 etiam
983 598 1194 642 pudenda
1219 600 1259 640 1,
1285 599 1328 641 8,
1355 599 1604 642 21.·pudenda
1627 598 1723 632 dictu

236 646 440 684 spectantur
459 643 492 684 1,
515 644 551 684 2,
575 643 617 685 83
643 643 917 688 pudendumque
942 642 1050 687 dictu,
1076 643 1115 678 si
1139 645 1220 688 plns
1245 642 1462 691 litigantibus
1484 651 1635 688 prosunt
1655 643 1724 678 mi-

235 697 352 768 nore}
369 687 405 730 6,
420 686 459 769 g,
477 690 509 722 7.
535 698 605 732 quo
629 689 833 732 pudendum
855 694 909 723 est
935 689 1067 736 magis,
1091 688 1128 723 si
1156 690 1400 724 difficultatem
1427 691 1515 724 facit
1536 689 1723 734 prudentia

237 736 299 773 10,
362 758 374 776 ,
399 736 415 767 1
446 757 456 768 .
1618 736 1621 742 ·

188 780 361 854 Pudice.
385 798 559 854 potuisset
582 813 616 846 p.
630 803 848 846 respondere
873 802 1030 847 (mulier),
1054 804 1161 838 malle
1184 814 1224 838 se
1246 802 1364 839 virum
1381 815 1483 837 suum
1507 804 1613 837 talem
1631 813 1724 846 esse,

234 848 348 891 qualis
371 848 499 882 mehor
523 854 618 884 esset
645 848 679 892 5,
706 851 762 892 11,
787 850 844 885 29.

187 903 382 946 Pudicus.
427 927 463 960 p.
490 916 615 950 domus
640 919 680 959 1,
705 919 768 959 10,
793 918 850 951 32.
878 916 915 950 in
938 916 1045 951 rebus
1068 927 1110 950 ac
1135 915 1258 952 verbis
1279 920 1406 961 parum
1428 914 1655 950 modestis
1679 910 1722 960 ac

229 962 336 1005 pud.
368 962 423 1005 11,
452 965 485 1005 1,
510 965 567 996 30.
594 968 630 997 et
654 962 685 997 si
707 962 779 996 filia
800 968 894 1005 nata,
919 963 1147 997 meretrix
1175 973 1254 998 eam
1275 967 1388 1006 mater
1410 961 1622 1007 pudicam
1642 972 1728 1000 esse.

231 1007 407 1042 voluisset
439 1011 483 1042 ib.
513 1010 559 1044 82
586 1013 630 1044 Z.

186 1063 220 1105 P
225 1064 343 1106 udor·
400 1075 441 1117 α)
466 1077 657 1111 Nominat..·
681 1087 750 1111 nec
773 1077 915 1121 pudor
938 1077 1092 1120 videtur,
1116 1077 1212 1121 quod
1235 1087 1309 1111 non
1332 1077 1450 1120 palam
1471 1074 1632 1120 objicias,
1657 1085 1696 1109 se

232 1121 382 1155 dissid
396 1122 529 1157 entia
557 1124 600 1166 9,
624 1125 666 1166 2,
694 1126 751 1158 72.
773 1123 812 1156 in
835 1123 941 1157 rebus
966 1135 1007 1158 ac
1029 1123 1151 1159 verbis
1173 1134 1296 1168 pamm
1318 1120 1488 1157 modestis
1511 1132 1553 1156 ac
1580 1120 1719 1166 pudicis

231 1166 313 1202 vilis
336 1180 371 1212 p.
396 1171 453 1211 11,
483 1170 516 1213 1,
541 1170 598 1204 30.
627 1170 673 1203 ad
697 1169 885 1204 dicendum
913 1169 1018 1204 etiam
1040 1181 1075 1213 p.
1102 1169 1264 1204 stimulos
1289 1170 1398 1203 habet
1425 1170 1482 1211 10,
1505 1169 1540 1211 7,
1566 1167 1621 1202 16.
1650 1166 1719 1200 in-

231 1214 429 1259 tegritas
453 1220 513 1248 tua
536 1221 571 1249 te
595 1216 779 1262 purgavit,
802 1216 952 1260 pudor
980 1214 1110 1259 eripuit
1139 1218 1221 1250 Cic.
1245 1216 1289 1258 8,
1313 1215 1358 1258 6,
1386 1215 1442 1250 56.
1471 1219 1604 1259 quanto
1626 1213 1720 1248 vali-

232 1256 311 1293 dius
335 1260 448 1293 bonos
473 1260 611 1294 inhibet
634 1263 735 1305 pud.
760 1273 865 1305 quam
883 1267 1027 1296 metus
1051 1264 1094 1304 9,
1119 1264 1160 1304 2,
1184 1262 1242 1296 76.
1274 1261 1390 1294 minus
1414 1259 1593 1295 obstitisse
1615 1258 1676 1294 vid

232 1310 290 1338 tur
311 1317 347 1349 p.
374 1306 407 1347 5,
432 1308 466 1347 7,
493 1309 525 1339 1.
559 1306 602 1346 cf.
633 1310 687 1349 12,
716 1310 749 1348 7,
778 1309 810 1340 6.
837 1319 901 1340 cur
924 1319 981 1340 me
1003 1308 1191 1351 prohibeat
1212 1319 1248 1350 p.
1274 1308 1308 1351 9,
1328 1309 1368 1350 Ι3,
1394 1309 1451 1342 73.
1477 1305 1539 1350 qui
1559 1317 1595 1350 p.
1618 1305 1719 1339 fran-

231 1350 282 1429 git
307 1352 399 1394 (Sp.
425 1351 615 1398 refringit)
638 1352 810 1394 animum,
842 1358 878 1385 et
906 1353 1044 1397 abjicit,
1077 1359 1147 1397 atq.
1171 1352 1282 1397 ipsius
1313 1352 1402 1386 lucis
1428 1353 1550 1398 fugam
1577 1356 1614 1385 et
1641 1356 1718 1385 tae-

258 1395 329 1429 'um
357 1396 464 1430 dictat
493 1399 509 1430 1
525 1422 535 1438 ,
562 1399 604 1438 3,
635 1398 678 1432 16
700 1402 741 1431 Ζ.
779 1397 881 1431 initio
909 1410 944 1441 p.
971 1398 1175 1440 omittendi,
1208 1409 1299 1441 quae
1327 1397 1575 1442 promiseram,
1603 1396 1701 1430 tenui

233 1445 296 1484 12,
331 1443 389 1475 Pr.
416 1444 447 1474 1.
503 1441 554 1487 β)
583 1455 643 1485 per
667 1450 791 1476 ceteros
819 1446 942 1478 Casus.-
983 1444 1096 1478 verba
1124 1445 1358 1478 decenter
1386 1442 1579 1487 pudoris
1603 1442 1694 1488 grati

229 1489 483 1522 subtrahuntur
505 1490 539 1531 9,
569 1491 603 1538 3,
632 1489 687 1524 59.
711 1489 831 1536 leges,
863 1488 1152 1535 diligentissimae
1181 1489 1328 1533 pudoris
1350 1489 1514 1523 custodes
1536 1489 1572 1531 8,
1599 1490 1633 1533 5,
1661 1489 1704 1524 19

231 1544 300 1580 ego
327 1533 523 1568 Romani
547 1534 744 1579 pudoris
770 1545 872 1569 more
895 1541 1081 1569 contentus
1106 1533 1450 1570 verecundiam
1469 1533 1611 1569 silentio
1633 1534 1698 1573 vin

229 1580 356 1614 dicabo
380 1581 415 1622 8,
443 1582 478 1619 3,
502 1581 546 1615 39
576 1582 622 1615 Ν.
651 1580 728 1615 sine
751 1586 916 1625 respectu
938 1581 1084 1625 pudoris
1110 1582 1153 1624 6,
1177 1583 1218 1625 3,
1242 1582 1311 1623 25,
1342 1579 1472 1616 divisio
1496 1581 1598 1615 affert
1623 1580 1714 1624 inju-

228 1626 319 1661 riam
346 1626 473 1670 pudori
497 1628 540 1659 ib.
568 1625 614 1661 46
638 1628 684 1660 Ν.
697 1642 709 1670 ;
745 1626 999 1674 negligentiam
1022 1627 1199 1662 formandi
1222 1626 1516 1671 custodiendique
1541 1625 1580 1660 in
1602 1632 1695 1660 aetat

229 1672 342 1717 prima
358 1671 506 1716 pudoris
527 1674 544 1706 1
558 1698 568 1714 ,
592 1675 615 1706 2
629 1699 637 1715 ,
664 1672 700 1706 4.
726 1673 937 1717 deprehensi
953 1673 1096 1708 interim
1114 1674 1287 1718 pudorem
1305 1684 1407 1707 suum
1424 1672 1576 1707 ridiculo
1596 1672 1692 1716 aliqu

229 1718 409 1763 explicant
431 1718 466 1761 6,
483 1719 518 1760 3,
537 1720 613 1753 100.
639 1730 788 1753 necesse
801 1725 855 1754 est
877 1718 932 1753 his
957 1725 1016 1753 aut
1037 1720 1057 1753 f
1063 1731 1083 1753 a
1095 1731 1111 1753 s
1123 1719 1160 1753 ti
1174 1719 1300 1752 dium
1319 1725 1490 1754 moveant
1504 1735 1547 1743 —
1560 1724 1620 1752 aut
1645 1729 1699 1762 pu

229 1766 251 1798 d
265 1775 390 1799 orem
413 1765 633 1809 deprehensa
654 1765 785 1799 totiens
811 1765 1026 1799 audientium
1058 1765 1231 1799 memoria
1260 1764 1390 1799 infelix
1423 1765 1587 1809 supellex
1611 1766 1657 1807 2,
1679 1762 1710 1807 4,

227 1812 286 1846 29.
311 1822 356 1844 ne
386 1817 581 1845 renovaret
604 1811 729 1845 domus
752 1813 924 1854 pudorem
949 1815 1010 1854 11,
1040 1814 1079 1854 1,
1105 1813 1162 1845 83.
1193 1822 1338 1847 servare
1366 1810 1521 1855 judicum
1544 1810 1710 1854 pudorem

230 1860 286 1900 11,
311 1860 345 1899 1,
370 1858 427 1891 78.
455 1858 703 1900 perducendus
729 1857 826 1891 omni
849 1858 956 1892 modo
980 1858 1090 1901 judex
1114 1858 1163 1891 ad
1187 1856 1262 1891 irae
1285 1858 1456 1902 pudorem
1480 1859 1522 1890 ib.
1547 1856 1614 1900 763
1638 1855 1696 1889 im

227 1904 435 1938 modeste
457 1909 683 1947 proponunt,
707 1904 815 1938 sine
839 1905 1016 1948 pudore
1040 1904 1216 1938 affirmant
1241 1905 1297 1945 12,
1322 1905 1355 1947 1,
1380 1906 1425 1937 12
1447 1904 1492 1937 Ν.
1517 1901 1549 1936 si
1563 1903 1608 1937 de
1626 1902 1726 1946 pud¹>

225 1949 341 1996 agitur
363 1947 397 1992 4,
423 1951 457 1991 5,
486 1951 530 1984 18
548 1951 595 1984 Ν.

181 2005 214 2047 P
217 2004 343 2047 uella·
390 2015 568 2050 transtulit
597 2016 789 2060 aliquando
813 2023 982 2061 patronus
1004 2018 1173 2062 puellam,
1200 2028 1291 2061 quae
1313 2025 1416 2051 soror
1441 2027 1519 2051 esse
1543 2015 1706 2050 adversa-

224 2063 268 2097 rii
295 2063 479 2096 dicebatur
502 2063 542 2105 6,
570 2065 601 2103 1,
626 2065 684 2099 39.
709 2076 740 2097 v.
766 2065 986 2098 Matrona.

178 2117 400 2160 Puellaris.
446 2135 560 2165 aetate
584 2137 654 2165 tam
680 2131 722 2175 (S
730 2145 764 2175 p.
791 2130 846 2174 ea)
870 2130 1019 2175 puellari
1046 2131 1086 2173 6,
1124 2132 1181 2165 Pr.
1209 2131 1230 2166 5
1254 2134 1297 2165 Z.

181 2187 305 2228 Puer·
324 2203 363 2231 ut
371 2197 533 2242 ⁴Lucilius
545 2197 717 2242 praecipit
731 2200 809 2232 Jam
827 2198 988 2243 puerei
1007 2198 1092 2242 (Sp.
1108 2198 1228 2243 pueri)
1240 2209 1430 2232 venere:
1453 2198 1480 2231 Ε
1495 2201 1703 2241 postremum
1727 2211 1728 2214 ¹

223 2244 333 2277 facito
346 2248 451 2288 atque
469 2246 499 2287 Ι,
522 2245 570 2278 Ut
585 2246 719 2289 pueri
743 2245 784 2288 (S
792 2258 825 2288 p.
844 2244 983 2289 puerei)
1003 2246 1124 2288 plures
1140 2245 1224 2278 fiant
1242 2248 1275 2287 1,
1294 2248 1329 2286 7,
1348 2244 1391 2278 15
1403 2247 1445 2277 Z.
1471 2242 1694 2286 a)*Nominai.

221 2289 358 2333 pueri
383 2290 491 2324 adulti
516 2303 592 2334 opp.
619 2291 834 2334 juvenes
857 2291 943 2335 facti
966 2294 1009 2334 2,
1034 2293 1074 2333 2,
1099 2291 1131 2325 3,
1171 2290 1215 2332 cs.
1241 2291 1298 2323 Pr.
1322 2293 1355 2324 7.
1383 2301 1419 2333 p.
1443 2294 1603 2322 maturus
1628 2299 1701 2332 per·
1723 2300 1728 2306 ·

223 2335 395 2378 cipiendis
420 2335 487 2380 iis,
513 2347 602 2381 quae
625 2336 804 2371 rhetorice
829 2336 1000 2381 praecipit
1024 2339 1057 2379 2,
1087 2339 1118 2379 1,
1147 2339 1181 2371 7.
1206 2335 1309 2380 pueri
1332 2334 1446 2368 statim
1472 2346 1575 2379 quam
1598 2333 1700 2379 pluri-

223 2392 282 2414 ma
309 2381 467 2416 ediscant
489 2384 543 2425 11,
568 2386 603 2426 2,
627 2381 685 2416 41.
714 2382 816 2417 nobis
839 2383 909 2426 jam
933 2382 1099 2427 paulatim
1125 2391 1330 2416 accrescere
1352 2392 1454 2426 puer,
1482 2386 1519 2414 et
1541 2380 1642 2414 exire
1665 2380 1699 2413 ἀ(

224 2427 384 2472 gremio,
412 2439 453 2462 ac
477 2428 616 2463 discere
640 2428 734 2463 serio
760 2428 905 2473 incipiat
930 2433 962 2471 1,
989 2431 1024 2470 2,
1056 2431 1088 2462 1.
1123 2430 1266 2475 longam
1294 2438 1372 2462 esse
1396 2428 1547 2460 duorum
1569 2432 1698 2470 tempo·

225 2483 305 2506 rum
337 2481 397 2507 etc.
433 2474 534 2518 pueri
566 2474 683 2509 sciunt
705 2476 749 2516 9,
772 2473 818 2518 4,
846 2473 911 2517 473
950 2485 970 2508 a
998 2475 1137 2508 Graeco
1174 2484 1339 2509 sermone
1369 2483 1517 2517 puerum
1551 2471 1669 2516 incipe

223 2519 319 2551 malo
346 2522 385 2562 1,
422 2523 466 2562 1,
497 2523 551 2554 12.
594 2531 775 2565 pueros
810 2520 1202 2554 adolescentibus
1242 2521 1368 2554 sedere
1405 2518 1599 2563 permixtos
1633 2526 1696 2567 not

222 2564 338 2606 placet
361 2563 447 2598 mihi
471 2568 512 2604 2,
538 2569 582 2610 2,
609 2565 663 2600 14.
697 2567 974 2600 Demosthenem
1000 2577 1148 2610 puerum
1172 2567 1360 2600 admodum
1383 2564 1573 2608 pupillares
1597 2566 1695 2595 actio-

223 2619 286 2641 nes
312 2610 475 2644 habuisse
502 2614 556 2651 12,
584 2612 619 2654 6,
645 2615 676 2645 1.
723 2611 769 2655 β)
794 2614 922 2647 Geni1.:
947 2623 1140 2656 puerorum
1162 2612 1278 2646 foedis
1292 2610 1470 2644 amoribus
1494 2610 1548 2650 10,
1574 2609 1607 2650 1,
1627 2609 1694 2641 100

223 2653 330 2686 animi
350 2666 555 2698 puerorum,
581 2663 749 2701 quantum
768 2659 938 2701 excipere
956 2657 1106 2702 possint,
1127 2657 1320 2692 videndum
1339 2661 1393 2689 est
1411 2658 1442 2692 1.
1466 2657 1501 2695 2,
1524 2653 1581 2687 28.
1607 2662 1687 2686 com

223 2700 403 2733 mentariis
429 2713 634 2745 puerorum,
663 2703 700 2736 in
724 2713 813 2747 quos
841 2715 894 2746 ea,
921 2699 1023 2748 quae,
1051 2703 1128 2737 aliis
1145 2701 1431 2742 declamantibus,
1457 2698 1595 2731 laudata
1611 2709 1678 2731 sun

223 2750 392 2790 regerunt
415 2748 459 2787 2,
485 2750 549 2788 11,
573 2751 607 2781 7.
643 2759 724 2781 cum
748 2760 940 2792 puerorum
971 2760 1035 2783 ora
1062 2750 1252 2782 formarem
1280 2749 1319 2780 11
1334 2771 1346 2788 ,
1372 2747 1418 2787 3,
1441 2746 1498 2778 31.
1535 2754 1687 2788 puero

224 2801 315 2823 rum
341 2805 385 2815 -
409 2792 739 2827 robustiorum
763 2794 887 2828 studiis
912 2797 974 2836 10,
1001 2796 1040 2836 5,
1065 2797 1105 2835 13
1133 2803 1203 2837 quo
1229 2790 1340 2835 (vitio)
1373 2789 1691 2834 mancipiOrun
