1728 3002
834 166 945 212 Dico
1578 168 1654 207 231

127 320 129 322 .
162 285 295 333 ιφεο)
317 287 426 322 domo
455 283 641 322 Ciceronis
667 284 759 320 dixit
781 283 939 320 Calidius
963 287 1019 328 10,
1047 285 1079 331 t,
1105 285 1163 318 23.
1191 284 1238 318 de
1260 281 1359 317 omni
1371 282 1520 317 materia
1534 281 1654 316 dicer·

158 345 239 369 enm
268 332 485 378 (rhetoricen)
520 335 556 377 2,
579 335 637 376 21,
663 332 698 367 8.
751 332 856 377 Quod
882 331 1063 376 aliquanto
1086 340 1201 373 paene
1228 327 1334 364 etiam
1361 327 1475 376 inagis
1497 329 1543 362 de
1565 338 1654 372 syn-

160 381 321 422 eodoeno
351 379 469 414 dicam
499 380 544 424 8,
566 380 613 422 6,
639 380 694 412 18.
727 389 809 413 cum
841 377 923 411 dico
958 377 1004 412 de
1036 375 1215 410 hominm
1245 375 1323 411 leo
1354 381 1426 409 est
1461 375 1505 418 8,
1535 374 1583 414 6,
1614 375 1650 409 9.

160 437 342 472 nunqnam
368 430 548 460 oratorem
570 424 759 467 dicturum,
783 422 852 458 nisi
875 424 920 457 de
944 433 985 457 re
1008 422 1114 456 dubia
1132 425 1166 464 3,
1183 425 1217 463 7,
1233 423 1279 463 33
1304 422 1349 454 de
1373 431 1444 465 quo
1470 431 1651 464 nunquam

159 471 255 506 dicta
282 477 388 506 erunt
410 470 540 506 omnia-
551 473 587 514 2,
616 473 671 513 13,
699 473 756 505 17.
803 471 859 504 De
883 467 1092 504 inventione
1116 467 1201 502 satis
1226 467 1358 501 dictum
1386 472 1440 501 est
1466 470 1502 509 7,
1529 467 1585 499 Pr.
1618 468 1651 499 1.

158 518 204 552 de
234 518 306 552 hoc
334 517 374 551 in
407 528 448 550 ar
530 517 622 551 entis
653 515 738 550 satis
763 516 910 550 dictum
941 521 995 549 est
1031 515 1066 557 8,
1103 515 1138 553 5,
1165 516 1198 548 9.
1235 515 1280 547 de
1303 513 1446 556 animo,
1470 513 1651 557 quomodo

157 570 366 608 quaeratur,
491 561 622 598 dictum
649 569 704 596 est
728 566 763 605 7,
787 566 823 604 2,
850 562 906 596 56.
933 562 978 595 de
1002 571 1072 605 qna
1096 570 1136 593 re
1160 559 1263 594 latius
1290 559 1542 602 probationum
1565 560 1650 592 loeo

159 609 293 644 dictum
309 614 366 643 est
386 611 443 652 11,
463 611 497 652 1,
515 610 573 644 78.
599 609 691 642 idem
719 609 763 642 de
787 609 890 642 vultu
913 613 1086 654 gestuque
1100 606 1252 639 ridiculo
1269 605 1402 639 dictum
1416 605 1462 639 sit
1478 606 1513 645 6,
1532 607 1568 646 3,
1591 605 1648 638 26.

158 654 205 696 cs.
218 655 253 696 9,
270 658 306 698 2,
317 655 448 690 made
464 666 533 699 qua
549 654 700 698 (figura)
724 655 831 688 modo
854 654 987 687 dictum
1008 657 1043 694 υ,
1060 654 1164 695 :3‚62.
1192 653 1287 697 quod
1308 652 1353 685 de
1369 651 1528 698 legibus,
1555 650 1649 684 idem

157 702 204 735 de
232 701 548 743 seunmsoonsultis
587 700 719 734 dictum
743 703 778 741 7,
805 704 839 743 7,
871 702 924 733 10.
965 698 1079 744 qualis
1102 699 1209 732 modo
1236 698 1331 732 dicta
1357 698 1402 732 de
1426 697 1652 731 damnatione

154 745 354 783 Philodami
375 745 577 791 (miseratio)
603 750 659 788 11,
682 749 717 790 3,
743 749 823 781 171.
861 745 893 790 7)
920 758 948 779 c.
978 748 1136 788 praepos.
1165 747 1206 778 in
1229 757 1307 789 seq.
1336 747 1444 778 Aca:
1471 744 1579 777 multa
1605 742 1650 776 in

156 802 220 827 eos
250 792 372 827 dioere
403 794 439 833 5.
480 795 536 836 13,
571 793 605 827 8.
637 792 674 827 in
705 803 795 837 quos
827 792 979 825 dicimus
1012 791 1047 833 9,
1075 793 1111 834 2,
1137 791 1194 825 76.
1221 790 1258 823 in
1285 800 1326 824 se
1350 790 1471 824 dicere
1494 801 1569 823 non
1595 795 1650 823 est

155 839 250 880 fere,
282 837 353 872 nisi
375 849 578 873 scurrarum
604 839 698 880 6‚‘3‚
722 839 779 873 82.
809 839 904 882 quod
928 837 965 871 in
989 836 1095 870 alium
1125 836 1155 869 si
1183 836 1364 870 absentem
1390 835 1569 870 diceretur
1593 834 1649 878 (a.

155 887 178 918 1.
211 883 364 927 diceret)
395 885 442 918 ib.
478 885 534 920 94.
567 884 606 918 in
637 895 743 927 sptem
778 884 928 917 dicimus
960 886 1004 916 ib.
1038 885 1093 918 37.
1122 882 1160 915 in
1186 893 1290 926 quam
1318 881 1504 915 dicebatur
1533 883 1590 924 11,
1616 884 1649 924 1,

153 930 212 964 63.
242 928 374 974 'aspere
409 934 445 963 et
471 930 728 964 contumeliose
756 929 795 962 in
826 928 1051 964 adversarios
1082 927 1202 962 dicere
1229 928 1264 969 6,
1289 929 1325 970 3,
1349 928 1406 962 28.
1434 928 1472 960 in
1496 927 1649 970 judicem

144 986 202 1010 ‘ne
229 975 315 1020 quid
337 975 475 1009 dicatur
495 975 532 1019 4,
562 979 595 1017 1,
624 979 677 1009 11.
704 976 897 1019 quamlibet
919 980 1092 1018 apertum,
1115 993 1161 1000 —-
1189 974 1227 1007 in
1247 973 1330 1007 illos
1356 978 1529 1018 tyrannos
1556 973 1650 1008 beno

155 1020 291 1055 dixeris
325 1022 360 1064 9,
387 1023 424 1063 2,
447 1022 504 1055 67.
532 1027 608 1054 erat
642 1021 851 1066 gravissime
884 1021 922 1055 in
956 1019 1096 1055 Cottam
1127 1020 1287 1054 dicturus
1322 1022 1379 1061 11,
1403 1026 1438 1062 1,
1460 1020 1517 1054 67.
1555 1030 1648 1064 quae

154 1072 237 1100 sunt
257 1068 295 1100 in
316 1067 470 1101 Verrem
494 1066 586 1100 dicta
610 1067 770 1114 frigidius
794 1068 830 1109 6,
857 1069 892 1111 3,
914 1066 948 1101 4.
970 1066 1000 1100 si
1025 1067 1109 1112 quid
1127 1066 1164 1100 in
1189 1066 1266 1110 ejus
1289 1065 1400 1100 vitam
1425 1064 1497 1099 dici
1519 1065 1649 1109 poterit

153 1113 189 1154 5,
216 1115 253 1154 7,
277 1114 332 1147 56.
374 1108 406 1155 δ)
434 1125 463 1146 c.
493 1111 654 1155 Pr‘aepos.
682 1120 861 1147 contra.-
890 1119 1014 1149 contra
1040 1125 1090 1154 xa.
1114 1116 1138 1146 1.
1163 1111 1272 1154 circa)
1297 1121 1388 1155 quos
1412 1111 1563 1145 dicimus
1589 1114 1645 1155 11,

157 1163 190 1199 1,
217 1160 272 1192 57.
300 1156 344 1199 cs.
370 1159 404 1203 5,
428 1161 464 1200 7,
492 1162 526 1192 2.
562 1166 602 1192 ut
630 1158 759 1193 Cicero
795 1158 882 1192 dicit
918 1165 1043 1192 contm
1067 1157 1275 1192 contionem
1300 1157 1442 1191 Metelli
1466 1158 1501 1199 9,
1524 1160 1563 1200 ’3,
1587 1158 1644 1192 50.

135 1209 279 1243 *contra
305 1205 421 1249 legem
450 1203 521 1238 viri
547 1204 651 1238 fortis
684 1205 794 1237 multa
821 1204 987 1238 dicuntur
1007 1207 1051 1247 7,
1080 1207 1125 1247 7,
1148 1204 1182 1238 6.
1212 1202 1380 1246 utrinque
1404 1209 1536 1239 contra.
1558 1202 1647 1238 scri-

153 1254 250 1293 ptum
275 1249 404 1294 dicitur
426 1250 470 1283 ῐὸ.
491 1252 523 1284 1.
548 1249 592 1290 cs.
619 1251 656 1293 6,
684 1247 801 1292 1,‘49.
854 1250 888 1292 ε)
914 1263 940 1283 c.
960 1253 1122 1293 Praepos.
1149 1262 1246 1292 pro.-
1276 1260 1427 1293 quorum
1451 1250 1542 1283 alter
1563 1259 1646 1295 pnro

135 1293 316 1338 Aufidia,
352 1300 517 1328 contra
539 1295 631 1329 dixit
659 1297 750 1329 alter
773 1298 830 1339 10,
855 1299 888 1338 1,
912 1299 970 1330 22.
997 1307 1070 1330 11011
1098 1296 1296 1329 minoribus
1321 1295 1459 1329 viribus
1483 1302 1648 1330 contra

152 1340 658 1384 justitiam24disseruisse,
695 1353 801 1386 quam
823 1342 938 1386 pridie
962 1351 1040 1386 pro
1068 1341 1200 1383 justitia
1225 1342 1335 1375 dixe
1346 1347 1414 1374 rut
1448 1345 1503 1384 12,
1529 1345 1564 1383 1,
1588 1342 1643 1376 35.

151 1386 191 1420 in
216 1385 414 1421 actionibus
446 1386 598 1430 primum
634 1387 848 1434 generaliter
873 1399 955 1432 pro
980 1388 1128 1421 testibus
1153 1393 1259 1431 atque
1282 1387 1329 1421 in
1354 1393 1464 1421 testes
1491 1387 1559 1422 dici
1585 1398 1646 1421 so-

151 1434 200 1466 let
225 1434 259 1474 5,
287 1435 322 1475 7,
344 1431 379 1465 4.
411 1434 663 1467 cum'diceret
698 1445 764 1477 pro
789 1434 928 1467 Milone
953 1433 988 1476 4,
1017 1436 1052 1477 3,
1081 1438 1133 1469 17.
1161 1435 1341 1477 quomodo
1367 1440 1426 1467 aut
1455 1444 1521 1477 pro
1544 1433 1644 1468 falsis

151 1478 341 1522 sanctiam
362 1488 430 1522 pro
451 1479 591 1522 injustis
616 1480 754 1513 dicatur
778 1482 822 1513 ib.
848 1479 904 1514 34.
928 1486 963 1514 et
989 1491 1054 1523 pro
1082 1479 1223 1513 luxuria
1248 1486 1284 1513 et
1307 1490 1372 1523 pro
1404 1490 1526 1513 amore
1553 1479 1644 1514 dici-

38 1559 48 1574 0
104 1537 107 1542 ⁴
150 1523 405 1577 mquff,23;
433 1535 514 1569 pro
537 1525 742 1559 testimonio
766 1525 858 1559 dixit
874 1528 909 1567 9,
921 1529 956 1568 2,
973 1527 1029 1560 88.
1080 1526 1117 1569 ζ)
1143 1540 1171 1561 c.
1200 1530 1359 1569 Pruepos-
1388 1528 1432 1558 in
1457 1539 1485 1559 c.
1502 1528 1641 1559 Amaia.-

151 1570 306 1614 quijpst
329 1581 405 1605 non
427 1571 547 1605 dicunt
572 1573 616 1605 in
642 1573 724 1605 soro
757 1572 791 1615 5,
818 1574 874 1614 13,
899 1574 954 1606 59.
985 1571 1028 1613 cs.
1056 1574 1099 1605 ih.
1125 1571 1181 1606 43.
1211 1576 1243 1614 1,
1266 1575 1300 1615 2,
1317 1575 1372 1606 17.
1399 1571 1430 1604 si
1454 1571 1644 1606 dicendum

150 1615 191 1650 in
210 1617 290 1650 sole
314 1616 423 1650 fuerit
450 1620 506 1659 11,
531 1619 565 1659 3,
589 1621 644 1652 27.
674 1628 755 1651 cum
777 1617 816 1651 in
850 1617 994 1651 basilica
1021 1618 1117 1651 ,Iulia
1150 1617 1286 1652 diceret
1319 1617 1436 1661 primo
1472 1617 1642 1652 tribunali

138 1663 209 1705 212,
240 1662 276 1705 5,
307 1662 351 1705 6,
386 1664 440 1696 lta
464 1663 643 1706 dicemus,
677 1675 767 1707 quae
799 1664 837 1696 in
865 1670 989 1697 nostro
1017 1663 1123 1697 simili
1154 1675 1238 1698 casu
1268 1663 1398 1697 dicturi
1426 1674 1584 1698 essemus
1607 1664 1645 1707 6,

150 1706 275 1750 2,’34.
306 1713 390 1752 post
418 1710 515 1753 quod
546 1709 585 1742 in
620 1711 745 1744 eadem
767 1710 913 1743 materia
942 1709 1032 1743 nihil
1067 1710 1258 1744 dicendum
1285 1710 1330 1743 sit
1360 1711 1417 1751 10,
1447 1710 1482 1752 5,
1505 1710 1539 1744 6.
1564 1721 1643 1743 eam

153 1758 266 1787 ιιι-18111
284 1753 621 1789 circumcurrentem
644 1761 960 1798 vocaverunt,
986 1757 1082 1800 quod
1107 1756 1146 1789 in
1170 1755 1268 1790 omni
1284 1755 1434 1789 materia
1457 1755 1641 1790 diceret

153 1801 191 1840 2,
207 1801 326 1840 21,·7.⁷
339 1799 387 1843 in
411 1806 460 1843 ta.
478 1805 500 1833 1.
518 1800 555 1844 a)
577 1801 784 1847 magistratu
803 1802 914 1835 multa
934 1802 1108 1844 dicentur,
1132 1802 1260 1846 quibus
1274 1814 1290 1836 s
1332 1801 1444 1845 iptiun
1459 1812 1645 1848 expugna-

84 1864 95 1878 .
153 1849 213 1877 tur
243 1846 280 1886 7,
303 1847 340 1887 7,
367 1843 403 1879 4.
453 1845 494 1888 η)
529 1859 558 1880 c.
594 1850 758 1891 Praepos.
787 1850 922 1891 apud:
949 1848 1055 1881 etiam
1080 1849 1195 1892 apud
1221 1813 1332 1892 (1ηὲ
1354 1847 1471 1890 dicas,
1492 1847 1645 1881 interest

156 1891 213 1930 11,
238 1891 272 1930 1,
295 1888 354 1923 43.
384 1889 428 1931 qs.
453 1893 510 1933 11,
533 1894 568 1933 3,
594 1891 673 1926 134.
701 1893 821 1927 dicere
844 1893 914 1927 alia
936 1893 1013 1927 aliis
1036 1899 1072 1927 et
1095 1906 1149 1938 ap.
1178 1894 1267 1927 alios
1290 1893 1404 1939 magis
1432 1904 1644 1927 concessum

155 1940 211 1968 est
243 1936 287 1967 ib.
322 1937 401 1969 150.
438 1947 495 1979 ap.
527 1937 799 1981 disceptatorem
835 1940 880 1973 de
914 1950 954 1972 re
978 1940 1159 1973 levissima
1183 1941 1312 1974 sedens
1337 1941 1495 1972 dicturus
1519 1943 1575 1981 11,
1606 1943 1642 1983 1,

154 1979 214 2015 44.
243 1981 339 2023 quod
369 1992 424 2032 ap.
459 1981 614 2024 jndicem
646 1983 717 2018 dici
746 1983 833 2027 (Sp.
866 1983 942 2027 om)
974 1986 1087 2029 prosit
1118 1985 1153 2027 4,
1181 1989 1214 2028 1,
1237 1988 1271 2020 3.
1299 1997 1378 2019 cum
1403 1996 1459 2029 ap.
1485 1996 1643 2019 summos

154 2031 317 2060 oratores
344 2027 438 2059 dicat
463 2029 521 2069 11,
545 2030 579 2070 1,
606 2026 640 2061 4.
671 2027 732 2072 qui
756 2029 877 2063 dicunt
902 2041 956 2073 ap.
985 2031 1174 2064 tribunalia
1197 2034 1255 2074 11,
1284 2034 1318 2072 3,
1344 2029 1423 2064 134.
1449 2031 1643 2075 praecipuo

154 2072 214 2117 qui
238 2083 293 2115 ap.
317 2071 495 2106 victorem
517 2077 552 2106 et
574 2073 770 2117 principem
794 2085 860 2117 pro
884 2086 923 2107 se
946 2074 1024 2117 ipse
1053 2077 1147 2109 dicat
1174 2080 1228 2118 11,
1255 2079 1288 2118 1,
1312 2075 1371 2110 49.

199 2118 286 2160 Vll)
311 2120 436 2151 Panic.
478 2117 520 2162 α)
543 2121 662 2152 Praes.
687 2122 766 2153 Ace.
803 2119 840 2162 a)
867 2119 984 2153 virum
1009 2121 1141 2163 optima
1174 2121 1460 2154 sentientem
1491 2120 1643 2164 optime-

138 2175 226 2208 rque
258 2163 496 2197 dicentem
530 2166 584 2205 12,
614 2167 648 2205 1,
675 2166 730 2198 25.
770 2165 815 2198 de
847 2170 967 2198 actore
992 2166 1099 2200 facile
1127 2166 1267 2200 dicente
1291 2177 1341 2200 ex
1363 2171 1525 2210 tempore
1547 2167 1583 2209 6,
1607 2169 1644 2210 3,

156 2213 234 2244 111.
260 2209 438 2243 dicentem
456 2210 700 2245 adversarium
718 2209 905 2255 diligenter
918 2210 1098 2246 audiamus
1117 2214 1173 2254 12,
1194 2213 1231 2254 9,
1249 2212 1304 2246 19.
1327 2212 1511 2256 frequent!
1528 2218 1644 2246 trans-

154 2255 307 2298 latione,
330 2255 420 2289 fictis
447 2261 507 2289 ant
531 2255 692 2300 repetitis
722 2266 771 2289 ex
796 2261 974 2290 vetustate
999 2257 1120 2291 verbis
1146 2265 1207 2290 etc.
1233 2257 1411 2291 dicentem
1444 2261 1501 2300 11,
1527 2257 1643 2303 1,,49.

154 2302 304 2335 Pansam
324 2308 386 2335 etc.
410 2301 450 2334 in
469 2312 607 2335 morem
633 2301 874 2346 praeceptoris
897 2303 1059 2336 exercuit
1082 2302 1213 2337 cotidie
1237 2302 1400 2337 dicens
1427 2304 1642 2339 audiens-

156 2358 227 2390 que
253 2345 404 2390 (CIcero)
433 2349 487 2390 12,
514 2350 570 2390 11,
595 2348 630 2382 6.
659 2348 699 2388 b)
723 2350 913 2390 simpliciter
939 2350 961 2380 ι’.
985 2362 1017 2393 11·
1047 2356 1221 2383 orator.-
1256 2349 1438 2393 pertinere
1470 2345 1517 2383 ad
1549 2361 1642 2385 cau-

157 2398 248 2425 sum
278 2402 440 2436 quoqne,
471 2393 644 2438 quidquid
677 2394 724 2427 ad
746 2393 976 2427 dicentem
1005 2394 1159 2438 pertinet
1190 2393 1234 2438 4,
1255 2397 1298 2438 1,
1323 2398 1378 2429 12.
1414 2406 1463 2430 ex
1489 2397 1643 2431 adverso

156 2436 307 2471 dicentis
331 2437 446 2471 oratio
469 2441 504 2481 5,
530 2441 587 2482 13,
611 2441 668 2475 31.
694 2450 813 2483 neque
836 2439 1001 2491 probatio
1023 2441 1110 2482 ulla,
1134 2451 1226 2485 quae
1247 2440 1349 2476 venit
1368 2441 1411 2474 ab
1435 2447 1643 2486 oratore,

156 2489 227 2517 tam
252 2483 355 2516 firma
379 2489 456 2526 est,
482 2490 524 2518 ut
556 2495 631 2520 non
661 2486 785 2529 perdat
807 2496 906 2520 vires
928 2496 1032 2528 suas,
1064 2485 1134 2519 nisi
1165 2487 1351 2529 adjuvatur
1376 2488 1642 2523 asseveratione

159 2528 360 2563 dicentis
388 2531 444 2571 11,
469 2531 505 2573 3,
528 2533 564 2565 2.
597 2541 670 2575 qno
694 2542 813 2564 mores
843 2530 992 2564 dicentis
1022 2542 1076 2565 ex
1108 2532 1269 2567 oratione
1302 2534 1504 2576 pelluceant
1529 2536 1574 2577 6,
1597 2538 1641 2578 2,

161 2576 214 2608 13.
238 2586 319 2612 cnm
342 2573 537 2612 dicente
559 2586 672 2621 neque
699 2576 966 2610 audientem
994 2576 1242 2613 inhorrescere
1278 2579 1322 2621 9,
1354 2578 1396 2622 4,
1431 2581 1509 2614 126.
1550 2591 1644 2614 11011-

158 2631 342 2665 nunquam
367 2631 475 2665 posse
513 2621 689 2656 dicentem
716 2622 802 2666 ipsis
827 2623 1064 2656 incommodis
1090 2625 1182 2658 bene
1206 2625 1259 2659 uti
1286 2627 1343 2667 11,
1370 2627 1403 2667 1,
1426 2627 1483 2660 83.
1509 2621 1645 2672 gratiae

158 2667 349 2710 plurimum
378 2666 530 2701 dicentis
564 2667 651 2715 (Sp.
687 2667 803 2710 dictis)
841 2668 1016 2702 severitas
1049 2670 1170 2704 afferet
1201 2671 1237 2712 6,
1274 2673 1309 2705 3.
1340 2670 1386 2705 26
1409 2675 1453 2705 Ζ.
1485 2669 1645 2715 (judicis)

160 2713 281 2749 vultus
303 2723 411 2758 saepe
427 2713 509 2758 *ipse
531 2719 652 2748 rector
673 2720 729 2749 est
752 2714 900 2748 dicentis
928 2717 984 2755 12,
1009 2717 1063 2755 10,
1088 2717 1143 2750 56.
1170 2726 1243 2750 non
1264 2715 1439 2750 dicentem
1465 2727 1648 2751 cominen-

166 2758 226 2792 dat
256 2758 362 2803 (bone
387 2758 596 2803 sententian
629 2761 667 2803 8,
690 2761 725 2804 5,
754 2763 810 2795 32.
847 2760 1023 2795 dicentem
1061 2761 1137 2806 ipsa
1161 2762 1292 2799 laboris
1316 2761 1509 2797 mutatione
1532 2763 1651 2799 rofio-'t
