1728 3002
126 215 209 255 310
601 180 834 271 Exiguitas
871 239 929 247 -
975 213 1187 259 Existimo

175 327 278 374 igere
299 329 502 363 mercedem
526 332 583 370 12,
611 332 668 371 11,
693 330 751 365 29.
809 324 848 373 δ)
870 342 937 375 seq.
973 332 1025 364 ad
1062 335 1121 363 aut
1151 331 1218 366 in.-
1250 330 1400 376 amplius
1429 330 1578 377 {aliquid
1610 334 1664 370 ad

176 385 263 408 usus
285 375 507 409 necessarios
540 375 663 423 exiget
694 379 760 419 12,
790 378 812 411 7
826 401 838 419 ,
869 377 913 420 93
951 387 1025 410 non
1060 374 1204 410 dicendi
1222 377 1331 412 modo
1359 376 1530 414 eximiam
1557 379 1597 415 in
1618 391 1666 414 eo

181 420 364 466 (oratore)
388 422 616 466 facultatem,
649 423 711 455 sed
745 432 871 456 omnes
904 422 1012 456 animi
1041 422 1193 457 virtutes
1226 422 1406 469 exigimus
1437 423 1498 463 1³2.
1525 426 1563 462 9.
1595 426 1667 462 nisi

178 469 274 500 forte
303 466 348 501 in
376 467 590 502 carminibus
615 473 752 502 tantum
777 473 814 503 et
846 468 892 502 in
923 468 1069 503 canticis
1094 468 1253 515 exigitur
1286 475 1463 504 structura
1493 473 1668 516 quaedam

180 518 218 547 et
239 512 414 547 inoffensa
439 514 618 558 copulatio
643 526 777 550 vocum
805 517 845 557 1,
871 516 934 557 10,
957 517 1013 549 23.
1043 515 1092 549 in
1124 513 1246 559 pueris
1268 516 1428 560 perfecta
1451 516 1568 552 oratio
1598 526 1668 553 neo

179 558 314 604 exigi
337 571 404 593 nec
428 561 624 604 sperari
655 566 775 605 potest
799 563 835 602 2,
859 558 896 603 4,
919 560 953 594 4.
1007 558 1038 603 ο)
1066 574 1133 606 seq.
1159 568 1223 595 ut:
1258 561 1448 606 aliquando
1473 562 1670 599 communis

181 604 315 638 utilitas
345 606 469 652 exigit,
494 604 544 640 u't
569 614 628 640 etc.
654 611 687 646 2,
714 611 770 650 17,
795 607 853 641 36.
876 617 952 641 non
975 607 1106 653 exigo,
1134 612 1174 640 ut
1197 614 1259 641 etc.
1288 609 1324 651 9,
1348 610 1384 651 3,
1407 610 1465 643 73.
1490 615 1552 644 aut
1573 615 1671 653 certe

183 661 258 684 non
285 651 452 698 exigant,
475 659 514 687 ut
544 660 605 687 etc.
631 654 666 696 9,
690 656 725 696 2,
750 651 808 689 94.
835 653 982 700 exigere
1006 655 1056 687 ab
1089 652 1147 688 his
1182 653 1378 697 aetatibus,
1410 659 1458 688 ut
1492 663 1555 690 eie.
1582 659 1616 699 1,
1640 659 1675 704 1,

184 698 242 731 37.
268 700 396 741 credo,
423 704 614 732 exacturos
639 701 833 744 plerosque
855 719 902 725 --
927 705 967 732 ut
990 707 1053 733 etc.
1079 702 1136 742 10,
1165 701 1199 743 1,
1223 701 1282 735 37.
1330 701 1412 741 111)
1449 702 1474 734 i.
1508 714 1541 747 q.
1573 703 1674 736 dizi-

183 751 343 785 genter
367 749 565 779 examino
596 753 669 779 aut
693 748 906 781 elaboro:
931 746 1057 790 Neque
1071 747 1167 780 enim
1183 763 1228 769 —-
1246 755 1393 790 prorsus
1410 746 1674 783 omittenda

182 796 265 832 pars
291 791 380 824 haec
411 792 601 834 orationi33
636 793 700 826 sed
735 791 969 838 exigenda
1004 798 1045 826 ut
1074 791 1207 836 optime
1230 802 1419 836 possumus
1452 795 1508 836 12,
1534 796 1591 837 10,
1617 795 1674 831 38.

185 846 232 868 an
266 837 456 878 cujuslibet
489 838 584 872 auris
617 845 671 873 est
698 839 846 885 exigere
870 839 1052 872 literarum
1075 837 1212 872 sonos?
1237 841 1274 881 1,
1301 837 1338 882 4,
1361 841 1397 873 7.
1422 837 1484 872 illa
1509 850 1584 874 non
1607 840 1678 874 nisi

185 893 270 916 aure
294 883 488 928 exiguntur
514 887 548 927 1,
578 884 613 928 5,
643 886 696 920 19.
729 884 913 918 emendate
936 884 1107 929 loquendi
1133 885 1293 931 regulam
1315 892 1363 911 -4
1387 883 1576 930 diligenter
1599 897 1678 932 ex-

185 927 380 963 aminet.
435 931 537 964 Haec
565 931 782 978 exigitur
813 930 956 973 verbis,
989 936 1050 965 aut
1081 930 1248 977 singulis,
1281 936 1343 964 aut
1364 931 1526 974 pluribus
1561 934 1600 976 1,
1639 933 1675 977 5,

182 976 225 1016 2;
249 976 398 1010 eandem
422 976 655 1023 gracilitatem
680 977 763 1011 stilo
786 976 935 1023 exigere
961 977 1173 1011 condiscant
1207 979 1249 1020 1,
1283 977 1330 1020 9,
1366 979 1400 1011 2.
1431 978 1676 1013 commentarii

184 1019 234 1053 ita
257 1027 339 1054 sunt
373 1023 557 1062 exacti,
589 1029 629 1058 ut
665 1023 703 1058 in
732 1024 941 1057 memoriam
974 1022 1192 1069 posteritatis
1223 1021 1416 1060 videantur
1442 1034 1524 1070 esso
1559 1034 1677 1072 coni-

185 1067 330 1108 positi
365 1071 422 1112 10,
450 1073 485 1113 7,
509 1072 567 1104 30.
1665 1074 1674 1081 ’

138 1109 380 1166 Exiguitas.
406 1146 454 1153 -—
480 1126 743 1174 congiariorum
771 1126 806 1170 6,
834 1128 869 1169 3,
894 1128 952 1161 52.

140 1166 351 1223 EXigUUS·
413 1194 586 1227 perquam
617 1183 770 1230 exiguus
793 1186 837 1221 2,
865 1186 926 1226 17,
949 1184 1008 1218 28.
1041 1182 1195 1230 exiguus
1217 1193 1298 1217 mus
1323 1185 1453 1227 Vir-g.
1476 1184 1522 1228 8,
1551 1186 1596 1229 3,
1618 1187 1678 1220 20.

186 1227 378 1270 grandis
402 1234 462 1262 aut
485 1229 654 1275 exigua
678 1235 732 1262 est
759 1227 855 1272 (vox)
886 1231 941 1271 11,
965 1231 1000 1271 3,
1031 1231 1087 1262 15.

141 1268 296 1311 EXiliS·
351 1284 528 1327 (oratores)
560 1295 626 1328 pro
654 1284 836 1328 pressis
861 1285 1030 1318 exiles
1058 1287 1114 1327 10,
1142 1287 1176 1327 2,
1205 1285 1267 1327 163
1301 1283 1498 1328 tumida,
1522 1285 1679 1321 exilia

189 1327 235 1369 (in
263 1329 453 1373 eloquendo)
482 1332 517 1372 8,
543 1332 578 1372 3,
611 1331 666 1364 56.
691 1343 724 1364 v.
751 1330 1012 1364 Abundans
1047 1333 1080 1363 in
1118 1329 1327 1364 Abundo.
1361 1341 1408 1364 ne
1434 1340 1514 1365 vox
1536 1333 1680 1377 quidem

187 1372 295 1406 exilis
323 1374 375 1418 (a.
404 1380 426 1409 l.
455 1376 524 1410 nisi
550 1375 724 1419 liberalis)
751 1375 927 1410 actionem
956 1376 1090 1410 habere
1114 1375 1283 1420 optimam
1311 1381 1430 1422 potest
1460 1380 1522 1420 11,
1546 1379 1596 1422 3,
1621 1380 1679 1414 13.

188 1420 325 1462 plena
349 1418 385 1455 e't
413 1422 563 1457 exilis
587 1421 687 1466 (vox)
710 1424 753 1457 ib.
781 1422 836 1456 15.

141 1462 341 1506 EXilifflS·
371 1490 426 1498 ·—
457 1479 559 1513 vocis
584 1482 617 1520 1,
644 1481 700 1521 11,
725 1481 757 1513 1.
795 1478 1017 1523 quarundam
1045 1475 1246 1521 (literarum)
1269 1478 1332 1514 vel
1365 1478 1596 1527 exilitate
1618 1482 1681 1518 vel

187 1521 519 1569 pinguitudine
553 1525 661 1558 nimia
691 1526 894 1560 laboramus
932 1526 975 1558 ib.
1004 1522 1028 1557 4
1052 1525 1099 1559 N.
1128 1535 1174 1558 ne
1200 1525 1245 1557 ad
1277 1525 1476 1569 spadonum
1510 1531 1548 1561 et
1573 1526 1682 1562 muli-

187 1577 286 1600 erum
310 1577 346 1603 et
370 1582 559 1617 aegrorum
583 1570 782 1605 exilitatem
801 1581 881 1606 vox
905 1576 1029 1604 nostra
1050 1575 1218 1607 tenuetur
1242 1573 1298 1613 11,
1322 1572 1357 1614 3,
1386 1572 1455 1607 19.-

141 1610 348 1655 Exilium.
395 1628 480 1662 abiit
502 1627 540 1661 in
564 1623 714 1662 exiiiutn
737 1631 773 1671 7,
799 1630 832 1670 1,
861 1626 917 1662 42.
944 1628 988 1662 ab
1016 1627 1130 1662 exitio
1158 1627 1352 1662 reducendi
1375 1629 1420 1671 5,
1445 1629 1511 1671 11,
1533 1626 1683 1663 esser-

187 1676 294 1704 vatae
322 1674 457 1716 patriae
480 1684 634 1718 poenam
659 1685 784 1719 passus
815 1674 967 1708 exilium
991 1677 1048 1718 11,
1077 1677 1110 1718 1,
1139 1675 1195 1708 18.
1227 1674 1325 1707 hunc
1357 1673 1472 1708 exilio
1501 1675 1682 1721 delegerat

185 1715 306 1750 locum
335 1720 391 1762 12,
417 1722 473 1764 10,
499 1722 554 1755 19-
584 1764 586 1766 ¹
1669 1727 1672 1730 ’

141 1757 356 1804 Eximius.
384 1789 443 1796 —-
480 1788 582 1812 amor
624 1777 810 1813 literarum
848 1777 908 1811 Pr.
950 1776 987 1815 6.
1040 1773 1182 1810 dicendi
1223 1774 1375 1808 facultas
1417 1774 1477 1809 Pr.
1521 1774 1559 1811 9.
1597 1787 1679 1810 cum

186 1829 246 1852 res
286 1824 545 1859 communis
586 1823 749 1869 pluribus
792 1823 831 1857 in
873 1832 948 1858 uno
982 1821 1103 1866 aliquo
1135 1819 1243 1856 habet
1279 1830 1414 1855 nomen
1453 1819 1681 1856 eximium

186 1865 228 1906 89
260 1868 302 1910 2,
333 1869 356 1903 8
384 1870 431 1903 N·

142 1907 316 1953 EXimO·
373 1924 414 1969 1)
447 1929 471 1960 i.
496 1940 528 1971 q.
558 1928 769 1966 extraho.-
798 1926 923 1960 haeret
954 1933 1211 1968 nonnunquam
1231 1922 1456 1961 telumillud
1485 1926 1680 1970 occultum,

190 1974 226 2002 et
251 1970 322 2003 hoc
348 1971 444 2016 ipso,
471 1973 568 2017 quod
591 1983 663 2006 non
695 1977 910 2016 apparet,
943 1969 1087 2004 eximi
1110 1980 1185 2005 non
1208 1975 1333 2014 potest-
1348 1970 1384 2013 9,
1407 1972 1451 2011 2‚‘
1467 1973 1526 2007 75.
1577 1971 1629 2016 11)
1653 1975 1676 2007 ί.

190 2027 221 2058 q.
247 2019 489 2061 subtraho,
517 2022 649 2054 10l10:
674 2019 716 2059 α)
736 2028 854 2062 neque
879 2016 1129 2059 eximitur,
1153 2016 1217 2051 sed
1241 2016 1520 2052 obscuratur
1541 2015 1616 2060 (M.
1635 2020 1679 2051 h·-

186 2062 274 2104 iera)
298 2064 332 2105 9,
357 2062 391 2106 4,
416 2063 474 2098 40.
504 2069 649 2098 exemta
673 2065 705 2097 N
730 2064 832 2098 litera
857 2066 890 2105 1,
914 2065 949 2105 7,
977 2064 1034 2098 29.
1060 2063 1173 2097 multa
1204 2061 1356 2114 linguae.
1369 2061 1483 2106 vitia,
1512 2062 1584 2115 pisi
1604 2063 1681 2108 pri-

187 2107 255 2142 mis
280 2109 487 2144 eximuntur
511 2110 612 2144 annis
648 2114 686 2153 1,
717 2113 734 2144 1
748 2137 758 2153 ‚
783 2112 840 2145 37.
874 2109 1130 2143 dubitationem
1153 2108 1257 2152 liujus
1280 2108 1439 2144 utilitatis
1459 2119 1625 2143 eximere
1647 2113 1680 2153 i,

191 2157 256 2197 10,
288 2158 355 2197 283
391 2157 544 2201 denique
570 2162 609 2190 ut
635 2157 828 2191 maximam
850 2161 986 2200 partem
1023 2153 1241 2199 quaestionis
1272 2153 1431 2188 eximam
1461 2157 1528 2196 12,
1563 2158 1608 2200 1,
1644 2156 1680 2192 9.
1716 2159 1720 2164 ’

187 2202 230 2244 β)
257 2214 286 2235 c.
314 2205 396 2235 Dat.
425 2211 483 2236 aut
508 2217 576 2238 ex.-
602 2203 686 2247 quid
711 2203 848 2236 eximat
871 2212 936 2235 nos
959 2200 1188 2245 opinionibus
1211 2199 1323 2252 vulgi·
1347 2202 1402 2243 12,
1425 2201 1462 2243 2,
1489 2201 1546 2236 28.
1570 2206 1618 2253 ιηι
1634 2217 1678 2228 ·—

189 2252 353 2281 auctores
381 2248 470 2283 alios
494 2249 532 2290 in
567 2250 728 2284 ordinem
759 2247 1070 2294 redegerint,
1105 2245 1195 2281 alios
1227 2255 1375 2279 omnino
1408 2251 1682 2280 exemerint

190 2302 340 2328 numero
367 2297 408 2338 1,
434 2295 477 2335 4,
514 2297 547 2329 3.
585 2296 645 2340 qui
667 2296 790 2330 turbae
815 2293 976 2339 quamvis
1001 2293 1176 2326 bonorum
1203 2297 1387 2326 auctorum
1409 2291 1588 2327 eximatur
1621 2294 1679 2336 10,

191 2339 225 2379 1,
254 2338 316 2381 74;
341 2341 412 2374 hoc
435 2347 532 2375 certe
559 2352 703 2384 prorsus
728 2341 774 2383 (a.
799 2345 822 2374 l.
848 2339 986 2384 procul)
1010 2338 1195 2376 eximatur
1213 2337 1331 2371 animo
1362 2340 1419 2380 12,
1434 2341 1467 2380 1,
1485 2339 1542 2372 32.
1566 2338 1677 2372 altera

191 2389 245 2416 est
272 2396 335 2427 per
359 2387 617 2421 detractionem
645 2388 756 2433 figura
784 2404 851 2428 —,
875 2385 935 2420 cui
962 2383 1233 2427 conjunctiones
1257 2382 1466 2417 eximuntur
1500 2384 1538 2426 9,
1563 2385 1598 2426 3,
1618 2384 1676 2418 62.

190 2430 291 2462 multi
315 2433 426 2475 tropis
450 2435 521 2467 hoc
546 2443 658 2478 genus
682 2433 844 2467 eximunt
859 2433 894 2474 9,
923 2434 956 2472 1,
985 2430 1027 2472 6;
1052 2439 1271 2473 praenomen
1292 2440 1313 2463 e
1337 2428 1472 2463 familia
1493 2433 1677 2465 exeuntum
1715 2474 1718 2476 -

191 2480 246 2507 est
271 2477 304 2515 3,
329 2480 363 2517 7,
388 2481 444 2511 20.
502 2480 570 2523 111)
595 2483 617 2513 i.
645 2493 676 2523 q.
703 2480 910 2521 excipio.-
942 2487 1011 2510 nec
1033 2481 1129 2509 sorte
1168 2475 1280 2519 (opus
1299 2474 1456 2519 fuisse),
1489 2474 1560 2509 nini
1582 2474 1679 2519 quod

191 2530 230 2553 se
256 2521 404 2564 quisque
434 2525 546 2558 eximi
569 2524 725 2560 voluerit
747 2524 782 2567 4,
807 2527 841 2567 2,
870 2522 926 2557 74.
1724 2549 1728 2570 ÷

144 2567 371 2610 Existimo·
434 2580 475 2621 α)
502 2583 668 2615 absolute:
693 2587 733 2615 ut
757 2580 885 2615 Cicero
911 2577 1094 2613 existimat
1122 2579 1157 2621 9,
1183 2580 1216 2621 1,
1240 2577 1297 2612 29.
1321 2581 1362 2609 ut
1387 2574 1595 2627 existimant
1620 2577 1677 2623 12,
1714 2589 1728 2602 ⁷·

192 2627 246 2665 10,
272 2625 305 2656 5.
339 2623 428 2657 sicut
459 2627 559 2658 multi
583 2628 831 2661 existimarunt
854 2627 888 2668 8,
916 2626 953 2668 6,
976 2624 1020 2659 67
1045 2628 1086 2658 Ζ.
1137 2623 1191 2669 β)
1229 2636 1258 2674 ⁶:
1284 2625 1432 2672 A⁰⁶¹fi⁸nj
1464 2620 1676 2674 athletarum

190 2679 341 2711 corpora
365 2670 494 2703 decora
518 2682 606 2705 vere
630 2673 925 2707 existimaverunt
953 2670 987 2713 5,
1012 2672 1068 2712 12,
1091 2671 1149 2703 21.
1175 2669 1302 2702 melius
1324 2668 1676 2718 ⁰²5¹fftl¹¹¹ffl¹¹d1¹¹¹4

188 2714 275 2761 quid
298 2720 351 2747 est
375 2714 468 2748 aliud
493 2718 555 2757 10,
579 2716 622 2758 4,
647 2720 679 2751 3.
715 2729 788 2752 non
811 2715 990 2751 immerito
1015 2733 1059 2739 —
1082 2712 1455 2764 incomprehensibilia
1469 2718 1584 2764 ‘partis
1607 2713 1677 2745 liu-

189 2763 244 2805 jus
268 2766 459 2804 praecepta
485 2761 696 2796 existimarit
722 2764 767 2806 (a.
794 2766 817 2799 1.
844 2783 891 2788 —
913 2761 985 2804 vit)
1010 2762 1046 2803 9,
1071 2763 1105 2802 1,
1133 2762 1187 2794 12.
1223 2759 1259 2792 id
1294 2763 1578 2811 potentissimum
1604 2769 1675 2810 ex-

188 2807 321 2843 intimet
348 2809 404 2851 12,
424 2807 460 2850 8,
487 2807 543 2843 15.
569 2807 676 2842 etiam
703 2808 763 2843 illa
786 2806 941 2852 (lectio)
967 2825 1014 2833 —
1046 2806 1195 2840 multum
1219 2803 1314 2839 infra
1335 2804 1490 2839 rhetoris
1517 2804 1675 2839 officium
