1728 3002
388 243 454 284 'de
484 239 768 294 Grammatica
797 235 1103 286 Quintiliauea.
1419 240 1525 276 XLV

0 357 384 423 interpretante
417 369 552 416 „was
573 352 712 402 sonst
737 367 839 400 zur
858 349 1250 413 Beglaubtgrung
1270 350 1381 398 und
1402 366 1524 399 zum

0 437 327 501 Widerlegen
357 435 565 484 dientss-
594 501 599 507 ἢ
622 436 836 482 Locum
865 431 1032 498 plane
1061 447 1368 496 comparem
1396 431 1526 497 qui-

0 521 116 567 dem
146 518 339 566 afferre
369 531 553 581 neque
577 513 706 563 mihi
734 529 915 578 neque
946 510 1202 576 cuiquam
1241 511 1395 583 licuit
1433 530 1525 560 ec-

0 599 138 659 mm‚
172 597 265 664 qui
293 594 547 663 permulti
565 597 632 642 de
654 597 759 641 hoc
788 591 1027 641 Genitivi
1048 608 1246 658 genere
1270 592 1526 642 disserue-

0 665 148 739 runt,
177 691 394 743 praeter
409 693 582 724 unum
605 688 749 722 certe
771 671 1122 732 consimilem,
1150 689 1182 719 a
1205 672 1527 742 Kiesslingio

0 761 66 808 ad
98 758 232 807 Tac.
261 756 407 806 Ann.
426 758 474 814 Ι,
494 760 541 810 4.
567 757 878 814 laudatum,
916 769 983 799 ex
1005 752 1229 800 Terent.
1250 752 1353 800 Ad.
1374 756 1449 816 Π,
1481 757 1529 817 4,

27 877 40 889 .
75 838 152 887 Ne
177 838 236 886 id
262 835 642 885 assentandi
665 835 853 898 magis,
890 850 1041 898 quam
1062 849 1158 898 quo
1177 833 1386 883 habeam
1403 853 1529 899 gra-

18 937 134 980 um,
157 921 348 984 facere
374 917 676 973 exae'stumes;
702 933 832 962 nam
860 927 914 961 et
950 916 1055 960 hoc
1088 926 1142 960 et
1172 928 1357 962 nostro
1388 918 1529 976 loco,

19 997 107 1048 ive
125 997 323 1046 amabis
342 997 562 1062 ellipses,
584 1013 741 1043 causa
763 991 1039 1061 intelliges,
1059 1010 1154 1041 seu
1169 993 1386 1062 singulis
1400 996 1533 1046 locis

45 1095 161 1125 asus
178 1093 249 1124 ex
270 1093 367 1124 sua
384 1090 584 1125 natura
610 1075 907 1141 explicare,
941 1073 1050 1124 vim
1070 1074 1346 1140 qualitatis
1367 1075 1529 1144 signi-

38 1160 246 1214 candae
265 1155 320 1204 in
343 1155 597 1206 Genitivo
622 1171 893 1222 agnosces.

128 1235 295 1285 Aliud
307 1253 481 1303 genus
507 1235 770 1295 Genitivi,
811 1252 845 1282 a
873 1247 1054 1283 cetero
1085 1236 1378 1301 complexu
1406 1253 1530 1287 ver-

26 1323 191 1367 'orum
219 1315 452 1366 absoluti
480 1330 535 1364 et
568 1333 636 1363 ex
668 1315 947 1363 intellecto
976 1318 1216 1380 quodam
1238 1305 1532 1380 vocabulo,

23 1396 110 1446 ive
131 1395 230 1448 ἀπὸ
253 1399 459 1459 κοινοῦ,
481 1394 767 1462 pendentis
786 1394 1065 1443 invenitur
1085 1399 1131 1457 5,
1150 1414 1225 1457 ιο,
1238 1401 1286 1451 4.
1322 1397 1534 1462 Adjece-

67 1484 128 1526 nt
153 1478 359 1543 quidam
388 1494 598 1526 numero
627 1484 909 1524 mutuam
941 1464 1414 1526 accusationem
1438 1497 1532 1526 —:

35 1557 119 1606 liis
143 1558 378 1607 videlicet
400 1558 664 1606 succedere
693 1556 823 1604 hane
850 1573 1042 1621 quoque
1077 1559 1419 1623 comparativo
1443 1577 1532 1622 ge-

34 1638 118 1689 eri
153 1638 556 1688 existimantibus
575 1656 592 1686 .·
655 1638 746 1686 cui
778 1637 958 1685 similis
994 1638 1099 1686 erit
1135 1639 1533 1704 petitionum

42 1720 213 1776 ‘vicem
254 1720 686 1767 diversarum:
727 1718 863 1783 quod
891 1718 1079 1766 accidit
1111 1719 1193 1767 vel
1210 1721 1532 1784 frequentes-

40 1799 136 1849 ‘me.
204 1799 478 1860 „Genitivi
503 1799 642 1847 ratio
672 1798 941 1859 redditur,
976 1813 1163 1847 monet
1193 1798 1535 1867 Spaldingius

37 1892 41 1894 ·
92 1883 242 1927 hunc
260 1882 467 1941 locum,
498 1878 539 1927 si
558 1878 806 1947 intelligis
827 1895 1006 1937 causa,
1039 1882 1191 1943 quod
1212 1881 1537 1929 obversaba-

68 1977 96 2006 r
124 1959 328 2020 animo,
361 1977 485 2007 cum
511 1968 744 2007 mutuam
771 1959 1143 2007 accusationem
1171 1958 1403 2007 dixisset.
1419 1963 1450 1989 ‘⁶
1470 1988 1540 1996 —

33 2039 214 2084 aadem
243 2038 480 2087 Genitivi
509 2039 647 2086 ratio
678 2054 756 2088 est
784 2040 842 2087 in
870 2038 1207 2104 expositione
1230 2052 1468 2087 statuum
1490 2039 1539 2099 5,

33 2115 62 2178 3,
82 2116 164 2162 88.
235 2117 320 2171 Sic
338 2110 620 2164 uascuutur
638 2118 760 2166 haec
779 2121 920 2167 velut
938 2119 1216 2166 simulacra
1238 2135 1303 2165 ea·
1323 2119 1427 2165 illis
1446 2118 1540 2165 tri-

77 2213 102 2244 s
124 2221 192 2232 —
216 2204 283 2244 ut
307 2196 547 2260 scripti
569 2204 622 2243 et
646 2196 1005 2244 voluntatis
1023 2211 1127 2253 '—,·
1160 2206 1213 2245 et
1229 2197 1542 2260 syllogismos

44 2281 140 2337 tc„
186 2292 355 2341 quum
394 2279 466 2323 ad
508 2274 820 2324 Genitivum
861 2278 1223 2341 supplendum
1262 2277 1326 2325 sit
1363 2286 1541 2326 status.

41 2373 80 2404 n
105 2357 302 2416 altero,
337 2354 432 2421 qui
465 2372 498 2403 a
530 2354 842 2422 Spaldingio
872 2355 987 2421 ipso
1018 2358 1294 2409 laudatur.
1330 2360 1454 2407 loco
1475 2358 1544 2406 ib.

43 2437 172 2490 ,46.
222 2434 385 2483 totius
433 2435 640 2500 periodi
678 2436 1010 2483 constructio
1054 2437 1332 2487 Genitivos
1377 2439 1547 2500 legum

45 2516 397 2563 antrat-mrum
412 2533 504 2572 —,·
539 2523 591 2563 et
608 2532 689 2562 scr
691 2515 793 2579 [pte
809 2525 862 2563 et
882 2517 1155 2565 sententiae
1175 2535 1250 2565 vec
1240 2518 1547 2567 ’noluntates

52 2587 95 2642 d
120 2595 497 2643 antecedentia
512 2597 554 2659 35.
574 2591 654 2649 45.
686 2596 880 2642 eosdem
909 2604 1073 2645 status
1096 2597 1281 2664 rejicit

149 2675 307 2724 Hisce
341 2675 603 2741 Genitivis
636 2674 884 2737 adjiciam
915 2677 1044 2724 alios
1076 2681 1364 2742 quosdam,
1410 2695 1548 2743 quos

68 2754 267 2820 ppositi
286 2757 372 2806 vel
395 2753 695 2804 Praedicati
716 2754 1130 2817 nominaverim,
1164 2774 1332 2822 quum
1353 2758 1548 2823 Appo-

1096 2840 1211 2869 ssssff*
