1742 2964
718 169 860 212 Video
1468 169 1552 211 957

0 300 5 319 ³
77 296 171 332 quae
198 295 278 320 cur
303 289 489 330 tantopere
510 294 759 328 aspernemur,
789 283 877 318 nihil
901 281 1009 317 video
1031 283 1075 325 8,
1099 284 1143 325 3,
1167 282 1225 317 33.
1252 280 1297 323 eff.
1321 283 1365 323 3,
1387 283 1430 323 2,
1457 280 1493 315 4.
1516 281 1553 324 4,

19 349 31 356 ⁴
55 333 115 376 ,3,
139 331 195 366 14.
217 325 254 374 6,
275 333 310 374 3,
334 331 411 368 ioe.
434 331 510 365 Nec
530 331 654 373 video,
677 341 825 376 quare
848 338 968 364 curam
991 328 1132 362 dicendi
1155 333 1279 372 putent
1303 327 1445 372 quidam
1469 327 1554 360 inde

76 377 241 422 coepisse
267 379 360 420 3,:z,
383 379 421 411 2.
446 375 492 419 qs.
517 377 554 420 8,
575 379 612 420 2,
635 379 669 411 3.
695 377 857 419 videsne,
880 381 928 409 ut
949 374 1026 419 ipsa
1046 385 1166 408 rerum
1189 374 1382 408 necessitas
1402 373 1555 425 deducat

77 424 125 459 ad
145 420 392 460 defensionem
412 425 456 467 7,
479 425 522 465 1,
544 424 601 457 35.
626 421 672 464 cs.
699 426 744 465 7,
768 425 830 464 10,
855 425 911 457 17.
956 420 1002 464 b)
1025 420 1241 463 viderimus,
1271 425 1426 454 utrum
1447 419 1484 452 id
1508 424 1554 452 sit

76 472 209 512 statne,
235 479 291 502 an
317 469 354 502 in
380 477 426 502 eo
447 473 556 503 status
578 470 622 511 3,
645 469 689 511 6,
713 471 769 502 21.
803 466 848 509 qs.
873 469 915 511 8,
941 465 986 509 4,
1011 468 1066 500 15.
1091 466 1226 501 videbit
1252 465 1385 509 judex,
1409 475 1463 499 an
1486 476 1555 509 pu-

74 514 228 553 niendus
249 514 320 548 sit?
346 515 388 556 3,
410 514 455 556 6,
477 512 535 548 74.
557 515 651 558 quod
675 526 730 548 an
755 515 899 556 deceat,
921 512 991 557 ipsi
1014 511 1169 547 viderint
1193 514 1250 554 11,
1274 513 1308 554 3,
1335 510 1412 546 135.
1443 509 1491 551 es.
1518 514 1553 553 1,

0 543 2 545 >
73 559 113 602 4,
138 562 194 596 10.
218 560 253 603 5,
278 561 334 602 13,
359 562 414 594 11.
438 562 476 603 7,
498 562 533 603 1,
560 560 616 595 54.
640 561 825 595 videamus
849 569 948 606 ergo,
972 569 1077 592 num
1101 559 1189 591 haec
1209 557 1386 602 expositio
1411 556 1555 602 longior

74 606 221 641 demunt
242 606 371 640 debeat
390 614 470 639 esse
490 604 527 648 4,
549 607 585 647 2,
606 606 663 642 79.
708 602 750 648 ὃ)
771 618 838 650 seq.
857 618 926 638 ne.-
950 603 1144 639 videndum
1168 603 1296 648 etiam,
1319 614 1374 638 ne
1394 603 1553 648 syllabae

72 651 179 688 verbi
201 651 330 696 prioris
350 651 496 686 ultime
516 651 595 707 sint?
606 652 741 697 primae
764 650 944 696 sequentis
965 651 1007 693 9,
1029 648 1075 693 4,
1098 650 1157 684 41.
1432 667 1437 672 -

130 740 192 785 Β)
227 745 324 776 Pass-
369 740 415 786 1)
443 743 599 786 proprie.-
637 753 658 776 a
680 752 719 776 so
742 741 893 777 disertos
926 740 1026 777 visos
1052 751 1132 776 esse
1153 741 1300 782 multos,
1325 740 1555 785 eloquentem

0 818 3 822 .
72 793 191 822 autem
214 787 392 822 neminem
408 788 455 828 ’8,
478 788 535 821 Pr.
565 789 619 823 13.
653 787 699 830 «J.
728 791 784 827 12.
810 792 843 832 1,
866 791 931 831 213
959 788 996 821 in
1023 788 1186 822 docendo
1209 797 1376 830 acumen,
1401 786 1440 819 in
1465 796 1555 820 con-

74 833 231 868 ciliando
256 834 382 868 lenitas
408 841 470 867 etc.
494 833 658 869 videatur
681 837 743 876 12,
767 836 831 877 10,
856 836 924 876 593
955 833 1199 877 propositione
1223 833 1356 875 visa,
1381 833 1476 876 quod
1500 837 1555 865 est

0 883 1 892 ¹
24 896 26 900 v
73 879 294 921 facillimum,
317 878 568 925 cogitemus
585 896 630 903 —
646 879 731 924 quid
754 881 916 914 naturale
938 879 983 913 sit
1005 880 1155 923 primum
1175 882 1211 922 7,
1236 881 1271 922 1,
1294 878 1356 919 26,
1381 888 1555 912 somnos

74 921 113 960 οἱ
139 925 200 958 illa
223 935 288 968 per
310 925 464 968 quietem
487 925 591 960 visa
615 927 680 967 12,
710 929 749 968 1,
770 927 805 961 6.
851 925 907 968 11)
932 927 975 958 de
1007 933 1122 959 menie.
1159 927 1207 967 α)
1232 938 1262 958 c.
1293 926 1404 959 Verbo
1436 935 1551 957 esse:

12 983 14 986 ·
62 969 190 1007 ,Esse
212 970 457 1013 videatur,
483 971 554 1012 iam
577 970 687 1005 nimis·
703 972 886 1016 frequens,
909 971 1131 1005 octonarium
1153 971 1298 1004 inchoat
1320 971 1357 1012 9,
1379 968 1416 1011 4,
1438 972 1483 1004 73
1504 970 1554 1003 Ν.

74 1017 256 1050 noveram
279 1017 428 1060 quosd.,
453 1016 516 1069 ‹Jui
537 1027 577 1050 se
599 1017 749 1060 pulchre
768 1017 988 1062 expressisse
1011 1028 1124 1064 genus
1146 1017 1234 1050 illud
1257 1015 1423 1050 coelestis
1448 1015 1554 1057 hujus

74 1061 112 1096 in
135 1062 287 1095 dicendo
309 1061 380 1096 viri
405 1062 472 1096 sibi
495 1062 714 1106 viderentur,
738 1062 769 1097 si
795 1063 833 1097 in
857 1064 1014 1097 clausula
1039 1061 1242 1107 posuissent
1265 1071 1370 1096 esse
1393 1060 1553 1095 videa-

74 1113 151 1142 tur
175 1110 231 1150 10,
254 1109 290 1150 2,
315 1109 369 1142 18.
396 1107 442 1149 es,
464 1110 500 1151 2,
526 1111 559 1150 1,
583 1112 616 1143 7.
644 1108 679 1151 4,
702 1111 738 1151 2,
765 1111 822 1143 57.
845 1109 881 1152 6,
908 1113 940 1152 1,
968 1109 1023 1143 15.
1047 1110 1082 1152 6,
1107 1111 1142 1150 3,
1166 1111 1219 1142 12.
1236 1109 1279 1149 s,
1302 1108 1360 1142 Pr.
1379 1109 1434 1142 12.
1456 1108 1492 1149 9,
1515 1107 1552 1149 4,

75 1152 155 1188 147.
177 1164 268 1197 quae
291 1153 521 1188 videntur
545 1165 616 1188 ess
627 1154 815 1196 e2diversa
836 1155 879 1197 9,
904 1157 1049 1201 2,,105.
1075 1154 1120 1196 cs.
1146 1155 1183 1197 9,
1209 1156 1243 1196 3,
1268 1152 1327 1188 74.
1354 1155 1409 1194 10,
1435 1155 1468 1193 1,
1484 1152 1552 1187 68.

74 1204 116 1232 ut
143 1198 184 1232 in
213 1198 425 1235 memorium¹
444 1199 661 1244 posteritatis
690 1200 948 1236 videantur
977 1202 1083 1234 e‘sse
1116 1198 1303 1244 compositi
1330 1201 1395 1240 10,
1424 1201 1469 1240 7,
1492 1200 1550 1232 30.

74 1243 123 1286 ‹J-
147 1247 190 1288 7,
210 1245 257 1286 9',
282 1247 315 1280 1.
343 1249 386 1279 nt
405 1261 450 1270 —
470 1246 617 1290 adeptus
641 1257 748 1280 esse
774 1246 981 1281 videaris
1004 1247 1049 1289 8,
1073 1248 1116 1289 3,
1147 1250 1179 1279 1.
1217 1245 1360 1281 videtur
1380 1243 1492 1278 fuisse
1514 1243 1551 1286 6,

74 1291 118 1333 3,
142 1287 180 1324 4.
210 1289 322 1324 fuisse
355 1289 520 1325 videatur
544 1293 658 1325 Coel.
684 1295 749 1334 11,
776 1294 817 1334 1,
841 1294 897 1326 51.
931 1303 1034 1335 quam
1062 1311 1108 1317 -—
1130 1291 1282 1324 fortasse
1308 1290 1472 1325 videatur
1495 1292 1553 1333 12,

16 1351 18 1353 ’
71 1337 119 1378 3,
141 1335 177 1370 6.
203 1335 327 1379 abesse
349 1335 514 1370 videatur
535 1336 585 1380 (in
603 1333 677 1378 fine
698 1337 832 1380 capitis)
857 1338 901 1380 9,
924 1339 969 1379 3,
998 1339 1090 1371 102.Ι
1122 1337 1165 1381 β)
1189 1349 1218 1370 c.
1243 1338 1443 1369 praedicato
1467 1348 1553 1380 qua-

71 1383 192 1414 Biatia.
216 1380 255 1424 a)
275 1392 371 1425 quae„
388 1381 570 1424 sumimus,
592 1388 632 1415 ut
657 1382 799 1416 videtur
825 1384 916 1426 (Sp.
945 1382 1126 1422 videntur)
1149 1385 1185 1425 2,
1210 1385 1266 1424 10,
1292 1381 1335 1415 14
1351 1386 1394 1416 Ζ.
1420 1381 1451 1415 si
1466 1381 1551 1416 satis

72 1425 256 1461 videretur
276 1430 318 1468 2,
338 1426 383 1468 4·,
408 1429 443 1461 3.
497 1439 594 1461 arum
618 1428 698 1462 Diis
721 1429 838 1463 visum
862 1434 915 1462 est
938 1431 994 1469 10,
1022 1431 1054 1471 1,
1081 1431 1138 1463 91.
1164 1427 1333 1472 quidquid
1356 1438 1423 1472 pro
1446 1438 1552 1462 causa

70 1471 215 1508 videtur
234 1473 277 1514 8,
300 1474 344 1514 5,
366 1475 402 1507 7.
463 1493 481 1510 ,.
503 1474 548 1516 5,
579 1475 643 1516 13,
669 1475 734 1508 18.’
760 1484 850 1518 quae
873 1474 1008 1517 proprii
1033 1473 1174 1520 generis
1195 1473 1312 1507 videri
1336 1476 1378 1516 5,
1404 1476 1470 1515 10,
1494 1475 1552 1508 78.

73 1515 120 1559 cf.
146 1521 209 1559 11,
232 1519 275 1559 3,
301 1515 380 1556 174.
402 1517 466 1551 illa
491 1529 539 1551 ex
566 1519 647 1552 eod.
674 1530 806 1565 genere
829 1519 945 1553 videri
966 1520 1009 1558 9,
1030 1523 1071 1561 3,
1095 1521 1150 1553 23.
1176 1520 1371 1563 secundum
1391 1525 1552 1552 naturam

72 1562 217 1597 videtur
239 1565 277 1604 7,
299 1564 336 1604 2,
359 1562 417 1596 39.
441 1573 509 1596 nec
532 1564 647 1596 adhuc
671 1575 692 1596 a
713 1563 818 1598 litore
841 1564 966 1607 procul
991 1563 1199 1598 videbamur
1223 1567 1278 1606 12,
1300 1566 1357 1598 Pr.
1375 1567 1409 1598 2.
1458 1563 1497 1607 b)
1522 1578 1552 1598 c.

74 1605 296 1641 Praielicaio:
328 1606 359 1640 si
382 1607 444 1641 sit
466 1607 524 1643 vir
546 1609 682 1655 bonus:
714 1610 809 1653 quod
834 1615 873 1642 ut
896 1609 1065 1653 optimum
1088 1613 1162 1651 est,
1190 1609 1238 1643 ita
1262 1611 1369 1656 longe
1394 1609 1550 1654 quidem,

74 1653 139 1687 sed
161 1652 322 1697 sequitur
342 1651 477 1694 tamen,
501 1653 661 1687 videri
684 1655 717 1695 5,
745 1657 800 1698 12,
827 1655 862 1690 9.
886 1656 1021 1699 populo
1044 1654 1381 1698 imposuimus,
1407 1661 1442 1689 et
1467 1666 1550 1689 ora-

73 1704 171 1732 tores
194 1698 286 1733 visi
308 1709 456 1731 sumus
480 1701 562 1733 Cic.
587 1701 631 1741 8,
655 1700 698 1743 6,
722 1702 779 1734 20.
805 1699 849 1741 cf.
873 1702 905 1741 5.
933 1704 991 1742 ll,
1015 1702 1070 1736 19.
1097 1701 1178 1745 qui,
1204 1702 1286 1739 dum
1309 1701 1414 1744 dicit,
1438 1703 1550 1736 malus

73 1743 289 1786 videtur,
315 1743 437 1787 utique
465 1745 558 1778 male
583 1745 686 1779 dicit:
711 1756 785 1779 non
809 1746 903 1779 enim
930 1746 1123 1781 videtur
1146 1748 1237 1790 justa
1261 1746 1392 1790 dicere,
1417 1748 1551 1792 alioqui

72 1783 167 1832 ἦθος
192 1799 264 1823 non
289 1789 543 1824 videretur
565 1792 657 1834 (sp.
683 1804 745 1825 om.
772 1790 862 1834 non)
884 1792 920 1833 6,
946 1794 982 1834 2,
1007 1793 1051 1826 18
1075 1793 1121 1825 N.
1147 1800 1177 1825 et
1202 1795 1238 1825 S.
1263 1793 1401 1826 medius
1424 1799 1551 1828 nuine-

70 1846 133 1868 rus
158 1833 324 1869 videntur
345 1841 511 1878 quattuor
533 1836 568 1877 9,
591 1835 628 1878 4,
655 1838 731 1871 125.
755 1848 823 1885 neg:
844 1838 882 1871 in
907 1836 1057 1872 dicendo
1080 1837 1223 1872 videtur
1244 1838 1337 1872 inter
1363 1840 1457 1873 bona
1479 1839 1551 1876 uti-

71 1881 151 1914 litas
174 1882 209 1922 5,
233 1883 291 1922 12,
314 1882 371 1914 23.
398 1881 511 1924 qualis
534 1885 589 1914 est
612 1881 691 1915 visa
714 1882 869 1916 Socratis
892 1882 993 1926 (viia)
1017 1885 1052 1927 9,
1076 1886 1110 1925 2,
1136 1884 1194 1918 46.
1225 1884 1283 1917 cui
1308 1884 1451 1918 Mancia
1471 1891 1550 1919 tum

71 1925 267 1960 simillimus
292 1931 346 1958 est
367 1925 465 1960 visus
487 1926 522 1968 6,
546 1928 582 1969 3,
605 1928 662 1962 38.
686 1927 717 1961 si
741 1940 811 1972 qua
832 1929 960 1962 mutari
984 1936 1046 1962 etc.
1072 1929 1199 1963 melius
1221 1930 1401 1964 videbitur
1426 1933 1460 1973 2,
1490 1933 1548 1974 13,

72 1973 118 2005 17
130 1974 175 2008 Ζ.
197 1976 250 2014 ut,
272 1982 365 2016 quae
389 1972 570 2005 toleranda
593 1973 763 2007 haberi
784 1975 913 2017 solent,
935 1974 1059 2019 gravia
1085 1976 1343 2011 videantur
1364 1977 1399 2019 6,
1426 1980 1461 2019 2,
1487 1979 1547 2010 23.

73 2015 120 2058 ιφ.
147 2017 191 2058 8,
218 2018 258 2055 3.
283 2015 339 2049 74.
365 2017 411 2059 9,
433 2019 478 2058 2,
499 2017 558 2051 91.
587 2018 623 2060 9,
646 2018 681 2059 4,
706 2021 784 2054 109.
809 2022 865 2063 10,
891 2023 925 2062 1,
950 2022 1091 2064 23.12‚
1118 2024 1154 2062 2,
1177 2023 1209 2056 9.
1236 2024 1291 2064 12,
1317 2025 1373 2063 11,
1397 2024 1430 2056 3.
1455 2033 1551 2066 quas

72 2061 297 2095 delectationi
319 2061 507 2096 videantur
533 2064 613 2096 data
637 2067 700 2106 10,
723 2067 769 2106 2,
791 2068 847 2100 27.
889 2065 935 2107 cf.
962 2069 1028 2109 11,
1054 2069 1093 2108 1,
1118 2068 1174 2101 81.
1203 2069 1243 2100 11
1259 2091 1271 2108 ,
1298 2070 1338 2108 2,
1362 2068 1420 2102 39.
1457 2079 1547 2111 quae

72 2108 310 2140 enumeranda
338 2107 505 2141 videntur
531 2109 573 2151 6,
597 2111 638 2152 1,
661 2113 696 2143 2.
726 2110 770 2151 cs.
799 2114 855 2154 10,
878 2112 913 2154 3,
939 2111 994 2146 16.
1041 2113 1080 2155 y)
1109 2125 1137 2145 c.
1162 2111 1251 2152 Infi:
1286 2113 1323 2155 a)
1347 2114 1548 2156 depreben-

72 2152 167 2186 disse
198 2152 326 2187 videor
356 2163 412 2196 ap.
442 2153 630 2188 Pindarum
652 2156 698 2198 8,
722 2156 765 2198 6,
788 2160 859 2196 71.,
881 2156 926 2197 qs.
959 2159 1026 2198 10,
1052 2160 1093 2199 1,
1125 2158 1181 2192 56.
1214 2157 1321 2191 etiam
1349 2159 1547 2202 praeteritis

71 2197 220 2232 saeculis
246 2197 384 2233 vixisse
406 2199 591 2233 videamur
615 2203 671 2243 12,
694 2200 728 2243 4,
752 2205 787 2235 2.
813 2201 859 2243 cf.
885 2203 925 2244 6,
948 2205 992 2245 2,
1016 2203 1073 2237 29.
1099 2206 1162 2246 11,
1188 2206 1225 2245 1,
1253 2205 1310 2238 57.
1342 2204 1547 2239 videbar

0 2258 3 2263 ⁷
70 2243 243 2278 videre
269 2246 352 2278 Cic.
380 2243 422 2286 8,
447 2247 492 2286 3,
518 2246 575 2279 66.
606 2245 651 2287 cs.
678 2247 712 2289 8,
738 2247 772 2288 6,
799 2249 844 2282 33
868 2249 914 2281 Ν.
943 2261 990 2282 cr.
1014 2254 1054 2281 ut
1077 2259 1138 2291 ea,
1165 2261 1256 2292 quae
1279 2251 1447 2292 laedunt,
1471 2261 1546 2285 non

0 2304 2 2309 ,
69 2289 222 2323 libenter
242 2294 393 2323 tractare
417 2289 569 2324 videaris
594 2294 633 2324 11
647 2317 658 2335 ‚
683 2295 700 2325 1
714 2318 724 2333 ,
748 2294 804 2327 87.
837 2293 954 2328 videri
983 2299 1100 2337 potest
1122 2294 1290 2341 signatam
1317 2307 1457 2340 quoque
1479 2308 1546 2340 pe·
1579 2325 1582 2329 .

0 2341 2 2363 t
70 2334 209 2368 cuniam
231 2334 416 2378 reliquisse
440 2336 483 2378 5,
510 2339 574 2379 11,
601 2339 658 2371 33.
696 2337 741 2379 cs.
767 2342 808 2381 1,
834 2342 876 2380 1,
899 2341 955 2373 25.
989 2350 1069 2372 cum
1100 2352 1139 2373 se
1170 2340 1401 2384 periclitatum
1429 2342 1545 2376 videri

67 2381 181 2415 vellet
204 2381 248 2419 8,
275 2382 318 2422 5,
344 2382 397 2415 18.
433 2391 516 2414 reus
546 2382 726 2426 parricidii
755 2384 954 2417 damnatum
982 2385 1027 2418 iri
1057 2385 1245 2419 videbatur
1268 2388 1307 2429 9,
1333 2390 1376 2429 2,
1402 2388 1447 2421 88
1471 2390 1545 2431 Ν.,·

68 2437 165 2458 sensu
191 2428 375 2469 reciproco.-
401 2431 439 2458 ut
466 2437 540 2460 non
563 2429 677 2461 solum
700 2429 796 2471 ipsos
818 2430 948 2463 intueri
971 2430 1133 2464 videatur
1157 2439 1218 2464 etc.
1245 2433 1286 2474 8,
1314 2434 1353 2475 3,
1377 2433 1422 2467 64
1438 2437 1480 2468 Z.
1504 2440 1543 2468 ut

67 2470 308 2517 peregrinari,
340 2471 527 2517 navigare,
559 2474 725 2516 proeliari
748 2475 1025 2512 etc-‚videamur
1046 2477 1088 2519 6,
1113 2480 1156 2518 2,
1180 2479 1237 2511 30.
1290 2474 1337 2518 ὃ)
1362 2492 1390 2511 c.
1416 2482 1540 2514 Panic.

68 2519 167 2550 Fut„-
193 2518 284 2550 hanc
308 2522 517 2551 tractaturus
541 2529 614 2552 non
637 2519 754 2553 alieno
778 2522 859 2554 loco
881 2521 1009 2555 videor
1031 2522 1067 2564 6,
1082 2522 1117 2565 4,
1141 2525 1174 2555 1.
1198 2533 1266 2556 nos
1292 2523 1359 2557 rite
1382 2525 1544 2569 coepturi

68 2562 112 2595 ab
133 2563 293 2596 Homero
320 2562 485 2596 videmur
507 2566 562 2605 10,
590 2567 622 2605 1,
649 2565 706 2599 46.
733 2564 776 2606 cf.
802 2567 836 2608 5,
859 2566 918 2600 Pr.
945 2567 978 2600 5.
1015 2568 1108 2601 hanc
1131 2569 1301 2611 optimam
1324 2576 1457 2613 partem
1482 2583 1543 2605 re-

66 2606 213 2642 licturus
244 2607 447 2642 hereditatis
480 2609 630 2646 videbar
660 2611 704 2653 6,
728 2612 785 2644 Pr.
813 2614 855 2652 13
901 2622 976 2645 non
1010 2613 1102 2645 enim
1135 2613 1277 2647 videtur
1309 2615 1347 2648 iu
1376 2619 1542 2663 negando

66 2653 275 2687 mentiturus
298 2653 428 2696 fuisse,
454 2654 523 2688 uisi
551 2655 790 2699 desperasset,
823 2657 859 2690 id
879 2668 984 2700 posse
1007 2659 1175 2701 defendi,
1198 2659 1229 2692 si
1253 2661 1481 2696 confiteretur
1506 2663 1541 2706 5,

51 2700 134 2740 ,12,
152 2701 191 2733 3.
243 2699 389 2741 ,ε)αι1]’.
423 2703 505 2733 Dat.
538 2699 584 2744 a)
610 2703 806 2734 P‘ideinr
837 2705 944 2735 mihi
978 2709 1015 2737 et
1049 2705 1196 2738 Nonne
1225 2704 1401 2740 “videar
1433 2711 1540 2743 tibi?

52 2742 171 2787 ζ’(Ῑίς.)
190 2745 235 2788 9,
259 2747 302 2789 2,
325 2746 382 2779 33.
412 2751 452 2780 ut
473 2745 558 2780 mihi
581 2746 724 2791 quidem
746 2749 889 2784 videtur
913 2751 959 2792 2,
984 2749 1024 2791 5,
1043 2751 1102 2785 20.
1124 2749 1169 2791 qs.
1194 2751 1237 2793 6,
1261 2753 1303 2794 3,
1328 2755 1407 2788 110.
1431 2755 1539 2799 longe
