1728 3002
113 191 196 231 262
794 190 964 234 Dubius

160 303 223 339 ina
246 302 392 384 imme)
414 315 522 340 nemo
547 304 850 340 dubitaverit
884 309 940 349 12,
965 310 999 352 2,
1029 307 1086 341 10.
1118 305 1209 341 adeo
1240 306 1286 341 de
1311 307 1390 344 hnc.
1414 303 1585 352 (virute)
1605 323 1652 333 .-

161 350 245 385 nih
275 352 288 386 1
311 351 533 386 dubitabitur
553 354 588 395 2,
612 355 669 395 20,
694 355 738 394 7η
765 353 818 386 de
842 351 906 386 illo
933 352 1086 387 dubitari
1107 351 1234 398 possit,
1257 363 1316 387 an
1341 353 1485 389 schema
1510 353 1558 388 sit
1576 352 1652 388 dis-

161 396 302 431 tributis
325 398 484 440 subjecta
506 398 598 432 ratio
620 399 656 441 9,
680 400 714 440 3,
739 399 783 433 93
813 399 859 433 Ν.
891 411 938 432 cr.
985 398 1018 443 γ)
1045 412 1113 443 seq.
1141 400 1414 441 interrogatione.-
1431 401 1487 443 la)
1509 399 1653 434 interim

160 442 266 478 etiam
290 443 443 478 dubitari
464 449 595 488 potest,
619 444 677 478 cui
703 443 792 479 vitio
812 444 926 479 simile
953 444 999 479 sit
1023 447 1168 479 schema
1190 446 1225 488 9,
1250 446 1284 488 3,
1311 443 1492 487 103'lioet
1517 451 1555 480 et
1581 447 1650 479 du-

160 489 297 533 bitare,
324 501 425 523 num
449 490 535 534 quid
558 501 624 524 nos
646 490 798 535 fugerit:
833 497 868 525 et
893 491 1002 535 quid
1023 502 1259 535 responsurus
1282 489 1328 524 sit
1349 491 1575 540 adversarius
1595 491 1653 525 his

161 540 199 570 et
219 535 276 568 his
299 544 359 570 etc.
387 537 422 579 9,
451 540 484 580 1,
518 538 573 579 3.;
612 538 785 581 quaedam
807 536 1012 581 participia,
1051 538 1166 571 verba
1195 548 1250 571 an
1288 537 1545 582 appellationes
1570 537 1653 580 sint,

163 580 315 616 dubitari
347 588 466 626 potest
502 586 535 625 1,
572 582 607 623 4,
641 586 686 617 27
710 587 763 617 Ζ..
791 594 839 627 εξ(
870 594 941 628 quo
975 593 1107 631 genere
1141 594 1197 617 an
1221 583 1266 618 sit
1287 582 1460 630 igitur,
1490 582 1531 621 in
1551 579 1654 626 initio

163 628 340 662 sermonis
367 628 540 672 positum,
575 628 729 663 dubitari
752 635 870 673 potest
899 633 932 673 1,
956 630 990 673 5,
1015 631 1071 665 39.
1095 640 1155 663 me
1191 628 1438 663 dubitasse
1469 629 1655 673 confiteor,

159 685 215 707 an
236 674 330 708 hano
352 681 488 719 partem
512 674 730 719 quaestionis
752 677 970 710 tractandam
994 680 1204 720 putarem
1227 678 1332 719 2,17‚
1348 677 1369 710 3
1391 676 1437 709 N.
1463 685 1529 709 an.
1543 676 1657 722 figura

161 719 207 753 sit
231 721 354 754 dubito
377 722 411 764 9,
437 722 471 762 3,
499 722 556 755 65.
587 733 692 766 quem
723 722 892 756 dubito
925 722 1074 756 scientia
1099 733 1241 764 rerum,
1274 732 1330 755 an
1358 721 1571 765 scriptorum
1593 731 1656 756 co-

159 766 236 810 pia,
263 777 320 800 an
344 773 404 801 etc.
432 766 624 802 clariorem
651 766 884 812 putem'10,
909 771 942 810 1,
966 769 1024 802 83.
1070 766 1112 812 b)
1138 766 1364 810 trffi'rmative:
1390 766 1457 814 ego
1482 766 1662 810 dubito,

161 823 215 846 an
245 811 282 846 id
309 812 542 856 improprium
568 813 687 858 potius
722 816 896 859 appellem
920 817 953 857 1,
978 815 1013 858 5,
1042 812 1102 849 46.
1145 814 1240 860 quod
1269 813 1308 847 in
1341 814 1427 847 foro
1459 824 1511 847 an
1545 813 1658 859 possit

161 857 326 893 accidere
355 860 479 893 dubito
526 858 570 902 4,
603 863 648 902 2,
682 861 728 896 97
761 861 810 895 N.
846 868 877 894 et
911 863 947 894 S.
996 870 1222 905 consequens
1257 870 1312 904 *an
1350 858 1567 903 epichirema
1604 858 1657 904 sit

162 904 300 938 dubitat
317 903 469 949 (Celsus)
494 906 530 949 9,
554 909 589 949 2,
620 908 686 941 107
710 906 759 943 Ν.
833 903 876 947 δ)
901 920 968 952 seq.
1002 909 1130 951 quin.-
1166 904 1271 951 quis
1295 906 1500 948 dubitaret,
1574 905 1658 940 nin

161 956 224 984 etc.
253 954 288 994 7,
314 952 348 993 6,
378 953 434 986 10.
459 963 613 997 neque
641 951 793 986 dubitari
819 958 958 998 potest,
994 951 1111 997 quin
1137 959 1199 987 ete.
1226 954 1282 995 10,
1310 955 1345 995 2,
1371 954 1403 986 1.
1451 951 1508 995 Ad
1569 951 1607 985 ἀ-
1633 955 1656 986 1.

162 995 228 1041 at)
256 996 326 1031 hoc
349 1007 484 1032 nemo
510 998 703 1049 dubitabit,
743 999 857 1044 quin
887 1007 949 1032 etc.
977 1002 1033 1042 12,
1061 1002 1096 1041 1,
1124 996 1169 1032 42
1193 998 1241 1032 N.
1264 1011 1310 1032 cr.
1374 997 1418 1041 ε)
1441 1000 1656 1046 seq-,Acetum

163 1055 191 1077 c.
224 1042 315 1085 Infi:
350 1043 606 1091 piraticam
637 1055 801 1090 quoque,
825 1051 865 1079 ut
890 1045 1122 1078 musicam
1159 1051 1245 1088 eta,
1279 1042 1350 1078 dici
1377 1044 1495 1078 adhuc
1517 1042 1657 1077 dubita-

119 1112 122 1113 ν
160 1088 247 1123 bant
275 1089 347 1123 mei
381 1097 632 1134 praeceptores
666 1092 701 1134 8,
734 1093 769 1134 3,
802 1091 858 1125 34.
901 1090 1120 1125 dubitabitur
1150 1089 1201 1125 ibi
1238 1090 1545 1136 partesxorato'ris
1574 1091 1658 1123 ‘esse

159 1135 372 1179 praecipuas
398 1137 457 1169 Pr.
485 1139 545 1179 13;
572 1137 870 1181 philosophorum
895 1137 973 1182 quis
1000 1137 1137 1171 dubitet
1161 1137 1215 1182 (a.
1240 1141 1263 1170 1.
1293 1135 1452 1178 dubitat)
1476 1135 1660 1170 Platonem

159 1191 241 1214 esse
265 1180 498 1225 praecipuum
527 1184 582 1225 10,
611 1186 642 1225 1,
667 1184 724 1217 81.
749 1183 827 1226 quis
853 1184 947 1217 enim
977 1183 1132 1225 dubitet,
1163 1194 1276 1217 unum
1299 1191 1448 1216 sensum
1463 1181 1503 1216 in
1526 1183 1598 1215 hoc
1623 1187 1660 1215 et

159 1237 271 1259 unum
291 1226 455 1270 spiritum
494 1239 572 1262 esse
598 1229 641 1270 9,
666 1227 712 1270 4,
737 1229 794 1263 68.
832 1240 915 1262 nam
942 1230 1020 1272 quis
1048 1228 1186 1274 dubitat
1220 1229 1281 1268 (a.
1308 1233 1326 1262 Ι.
1354 1238 1428 1263 non
1455 1225 1656 1273 dubitatur)
1718 1251 1722 1254 -

158 1272 228 1306 alia
250 1272 387 1316 lenius,
423 1273 490 1307 alia
523 1273 733 1307 concitatius
769 1281 830 1307 etc.
857 1274 1007 1308 dicenda
1041 1286 1120 1308 esse
1148 1277 1190 1308 ib.
1215 1276 1284 1308 130
1307 1275 1353 1308 Ν.
1382 1287 1451 1316 cr.,·
1494 1284 1567 1307 non
1591 1274 1659 1308 ‹lu-.-

158 1317 247 1361 bito,
267 1319 358 1353 haec
375 1330 517 1364 quoque
536 1319 795 1364 consequentia
819 1321 975 1363 (intellige
1000 1319 1129 1361 essei,
1156 1337 1202 1343 —
1225 1329 1378 1364 quorum
1403 1319 1545 1365 quidam
1570 1321 1658 1352 duas

159 1364 300 1408 species
337 1376 415 1399 esse
447 1367 642 1400 voluerunt
671 1368 705 1408 5,
741 1368 798 1408 10,
832 1367 876 1400 76
903 1367 949 1399 Ν.
983 1367 1076 1410 quod
1101 1366 1218 1410 ipsum
1251 1363 1480 1409 (Romulum)
1514 1375 1658 1409 <suoque
1709 1375 1712 1379 ·

160 1412 265 1444 coelo
290 1417 472 1454 receptum
497 1432 542 1438 —
568 1422 643 1445 non
671 1411 912 1446 dubitaverint
938 1413 973 1453 3,
997 1415 1032 1454 7,
1058 1413 1088 1446 5.
1115 1421 1220 1447 nemo
1247 1410 1409 1454 dubitat,
1431 1412 1543 1458 longe
1566 1411 1657 1445 duos

160 1455 290 1490 ceteris
318 1458 577 1501 praeferendos
611 1460 677 1501 10,
714 1461 752 1500 1,
790 1461 847 1492 73.
890 1458 1055 1502 profecto
1089 1467 1196 1492 nemo
1229 1456 1423 1500 dubitabit,
1471 1458 1659 1503 generales

157 1502 388 1545 quaestiones
411 1503 448 1538 in
471 1504 535 1538 illo
560 1503 758 1538 studiorum
787 1514 888 1538 more
912 1509 1072 1538 versatas
1099 1507 1158 1546 12,
1183 1505 1220 1546 2,
1245 1503 1302 1538 18.
1337 1508 1436 1538 certe
1458 1513 1566 1538 nemo
1591 1503 1658 1536 du-
1724 1530 1728 1534 .

158 1546 284 1582 bitabit
315 1549 376 1592 (a.
412 1553 433 1584 1.
461 1552 558 1584 inser.
593 1550 710 1593 hoc),
743 1559 886 1584 omnem
919 1549 1119 1584 orationem
1145 1549 1184 1583 id
1212 1559 1319 1595 agere
1343 1551 1409 1592 12,
1446 1551 1480 1592 1,
1507 1551 1566 1594 11,
1589 1560 1658 1584 neo
1720 1572 1723 1577 ·

157 1595 347 1639 quisquam
376 1595 574 1638 dubitavit,
609 1596 705 1630 idem
730 1596 809 1630 fieri
838 1606 946 1640 posse
969 1597 1005 1639 9,
1028 1596 1065 1639 9,
1089 1594 1145 1630 34.
1182 1596 1298 1630 claros
1322 1594 1422 1631 viros
1447 1604 1557 1629 nemo
1575 1596 1659 1642 'du-
1725 1626 1728 1632 ,

157 1640 396 1675 bitaverit
433 1642 614 1676 studiosos
643 1641 798 1676 musices
829 1641 942 1676 fuisse
971 1644 1004 1686 1,
1030 1645 1087 1684 10,
1114 1643 1169 1676 12.
1203 1640 1248 1682 cs.
1282 1643 1340 1683 10,
1364 1643 1401 1684 3,
1425 1643 1485 1675 22.
1520 1638 1578 1683 12,
1599 1643 1658 1684 10,
1715 1663 1717 1665 -

158 1689 214 1721 20.
251 1687 344 1722 sicut
366 1691 494 1732 poema
527 1698 633 1723 nemo
671 1688 888 1723 dubitaverit
917 1688 1084 1733 imperito
1111 1688 1266 1732 quodam
1288 1686 1391 1720 initio
1413 1687 1535 1720 fusum
1559 1687 1596 1726 9.
1616 1685 1654 1728 4,

160 1731 240 1767 114.
272 1733 318 1774 cs.
342 1735 377 1776 6,
398 1737 430 1775 1,
451 1735 487 1771 8.
539 1733 573 1778 ε)
598 1747 665 1778 seq.
692 1733 759 1775 Ins.
786 1737 808 1768 ἰ.
837 1747 867 1779 q.
895 1735 1098 1767 haesito.-
1125 1732 1185 1777 qui
1209 1732 1308 1766 sonis
1326 1731 1431 1766 etiam
1446 1731 1657 1776 quibusdam

156 1789 231 1812 non
255 1779 507 1815 dubitaverunt
529 1780 675 1815 nomina
702 1786 822 1824 aptare
850 1781 886 1823 8,
914 1781 951 1822 3,
969 1781 1026 1814 30.
1051 1789 1127 1812 non
1150 1778 1366 1812 dubitassem
1390 1777 1543 1812 transire
1569 1787 1656 1822 prof-

158 1824 254 1858 tinus
281 1826 316 1868 6,
350 1828 384 1868 5,
419 1829 451 1860 1.
484 1828 588 1863 Rom.
623 1825 851 1869 eloquentiae
881 1824 1080 1869 principem
1110 1833 1177 1867 pro
1209 1822 1387 1858 Cicerone
1418 1822 1654 1867 posuisse

157 1881 233 1904 non
256 1871 418 1906 dubitent
440 1873 476 1914 8,
500 1873 536 1915 6,
562 1873 620 1907 30.
653 1871 732 1916 quis
755 1881 865 1915 porro
890 1869 1049 1912 dubitet,
1079 1869 1178 1904 vitiis
1202 1869 1382 1904 ascribere
1407 1869 1571 1904 affectum
1595 1872 1654 1914 12,

158 1917 193 1959 5,
217 1919 251 1951 3.
278 1917 324 1958 cf.
354 1920 411 1961 12,
437 1919 494 1962 10,
516 1919 575 1953 63.
1621 1924 1626 1926 ‘

114 1993 297 2037 Dubius·
376 2007 414 2052 Ι)
462 2007 513 2053 α)
536 2010 747 2054 simpliciter.-
774 2008 812 2043 id
836 2009 935 2053 quod
959 2006 1106 2042 dubium
1129 2011 1184 2042 est
1204 2009 1244 2050 1,
1267 2005 1304 2048 6,
1325 2005 1361 2040 4.
1384 2004 1583 2046 ‚dubium
1617 2010 1657 2040 et

157 2060 465 2096 praesumtum
482 2059 516 2099 3,
532 2057 568 2100 6,
581 2058 638 2091 35.
660 2068 691 2090 υ.
710 2057 982 2098 Praesum03
1011 2053 1144 2096 omnia,
1169 2053 1215 2087 de
1269 2052 1362 2086 ubas
1381 2051 1570 2087 dicendum
1585 2056 1654 2094 est,
1720 2070 1728 2094 -,

157 2104 218 2133 aut
245 2106 374 2134 certa
397 2101 468 2136 sint
491 2113 640 2137 necesse
667 2107 734 2145 est,
758 2107 818 2135 aut
844 2101 988 2134 dubia
1011 2103 1046 2143 3,
1070 2098 1107 2142 4,
1130 2101 1163 2134 8.
1182 2111 1215 2133 v.
1273 2099 1340 2132 er‘t
1351 2109 1413 2132 us.
1444 2097 1564 2132 omnis
1588 2097 1651 2131 de-

156 2145 322 2180 liberatio
347 2148 391 2182 de
415 2148 531 2183 dubiis
556 2154 610 2183 est
633 2151 668 2191 3,
693 2149 728 2191 8,
751 2148 810 2182 25.
835 2158 883 2182 ex
909 2157 973 2189 eo,
1014 2146 1111 2191 quod
1140 2144 1475 2186 manifestum,
1512 2142 1654 2194 colligi-7

157 2196 236 2235 tur,
273 2194 369 2237 quod
408 2194 598 2229 dubium
623 2200 678 2228 est
709 2198 744 2236 7,
768 2195 803 2237 8,
826 2194 862 2229 6.
893 2191 1010 2226 dubiis
1034 2190 1179 2237 probari
1203 2190 1309 2224 dubia
1333 2190 1396 2234 qni
1418 2189 1593 2234 possunt?
1618 2190 1654 2232 5,
1717 2196 1728 2219 ς·

159 2239 214 2279 12,
240 2241 273 2273 2.
301 2250 349 2272 ex
374 2251 445 2284 quo
470 2241 586 2275 dubiis
609 2241 698 2274 fides
724 2240 785 2273 fiat
809 2240 844 2283 5,
872 2242 929 2281 10,
955 2241 1011 2272 12.
1041 2244 1082 2272 ut
1103 2238 1166 2271 illa
1192 2235 1300 2270 dubia
1324 2234 1455 2270 faciam
1493 2234 1653 2270 defensi-
1723 2263 1725 2266 ⁴

155 2292 246 2317 ones
270 2285 498 2321 solicitudine
527 2290 561 2330 1,
588 2289 644 2330 10,
670 2288 727 2321 30.
761 2285 995 2320 scholasticus
1018 2283 1056 2317 in
1089 2289 1276 2326 utramque
1306 2286 1443 2325 partem
1475 2280 1565 2324 (Sp.
1593 2281 1654 2314 de-
1723 2282 1727 2287 ’

158 2329 245 2371 conj.
270 2333 387 2373 Regi
399 2336 410 2365 i
437 2333 591 2367 rusticus
615 2333 653 2366 in
676 2339 827 2376 utraque
850 2329 972 2376 parte)
1005 2328 1150 2363 dubium
1170 2327 1255 2362 facit
1279 2330 1315 2370 7,
1336 2329 1369 2370 1,
1390 2326 1437 2362 58
1456 2330 1500 2360 Ζ.
1531 2326 1579 2360 N.
1602 2338 1649 2360 or.
1711 2334 1725 2358 ,ι

158 2373 247 2406 nihil
271 2376 368 2410 dubii
391 2379 634 2423 relinquamus
659 2381 715 2420 12,
741 2380 775 2420 3,
800 2376 870 2420 40;
893 2382 1005 2410 totam
1031 2373 1261 2408 subtilitatem
1282 2373 1322 2406 in
1346 2371 1461 2406 dubiis
1483 2372 1594 2409 habet
1616 2375 1651 2415 1,

156 2421 191 2459 7,
218 2422 258 2460 1;
284 2431 383 2456 mens
409 2425 514 2458 duci
537 2426 644 2459 debet
670 2425 717 2459 in
741 2423 930 2457 dubium
961 2424 996 2463 5,
1025 2423 1082 2462 10,
1108 2421 1185 2455 118.
1244 2418 1292 2462 β)
1318 2431 1347 2453 ο.
1373 2420 1509 2452 διιόει..·
1539 2427 1652 2466 argu-

154 2470 315 2498 mentum
348 2469 534 2503 dubium
569 2481 636 2514 pro
667 2467 955 2504 necessario
990 2468 1023 2509 5,
1054 2467 1110 2507 13,
1135 2465 1192 2499 34.
1227 2464 1266 2498 in
1299 2463 1415 2498 causis
1443 2464 1526 2499 dub.
1551 2466 1589 2506 7,
1615 2462 1652 2506 4,

158 2509 213 2543 19.
240 2510 429 2547 dubium
450 2517 511 2549 vel
536 2527 710 2560 anceps
738 2525 850 2561 genus
875 2523 1063 2547 causarum
1086 2510 1123 2553 4,
1148 2514 1181 2553 1,
1206 2509 1263 2544 40.
1287 2509 1472 2543 dubium
1493 2510 1549 2552 jus
1572 2510 1652 2552 o‘pp.

155 2560 412 2601 certum-12,
439 2562 475 2602 3,
499 2562 533 2596 6.
558 2563 822 2596 confessum
845 2570 893 2594 ex
915 2563 1066 2602 utraque
1089 2563 1190 2601 parte
1214 2557 1270 2600 jus
1295 2560 1350 2589 est
1372 2560 1433 2589 aut
1462 2553 1652 2606 dubium
1726 2594 1728 2596 q

154 2603 188 2643 7,
212 2604 248 2643 7,
272 2604 306 2635 7.
342 2603 426 2637 dub.
451 2607 597 2640 materia
618 2611 654 2649 2,
681 2610 737 2649 15,
760 2608 817 2640 22.
850 2604 957 2639 rebus
985 2608 1044 2636 aut
1071 2603 1218 2636 omnino
1252 2600 1411 2634 nondum
1445 2604 1652 2643 repertis
1690 2620 1692 2622 -
1726 2629 1728 2639 ,

154 2651 216 2679 aut
240 2647 395 2682 dubiis
429 2650 463 2692 6,
490 2653 523 2693 5,
547 2654 580 2686 3.
608 2652 652 2693 cs.
679 2655 715 2695 3,
739 2655 774 2695 7,
802 2653 837 2686 3.
860 2650 946 2683 dub.
970 2648 1072 2694 signa
1100 2650 1135 2691 5,
1158 2649 1194 2690 9,
1217 2650 1252 2680 2.
1282 2651 1343 2679 aut
1374 2650 1535 2688 aperta
1568 2650 1651 2679 sunt

152 2697 214 2725 aut
237 2692 380 2728 dubia
402 2693 541 2738 (verba)
565 2701 601 2739 7,
626 2701 660 2740 2,
684 2699 739 2733 48.
766 2708 814 2731 ex
839 2693 961 2731 verbis
985 2693 1137 2727 dubiis
1172 2699 1209 2727 et
1235 2690 1335 2736 quasi
1374 2689 1651 2734 duplicibus
1690 2710 1717 2741 w*

152 2740 188 2779 9,
210 2740 245 2781 2,
267 2739 326 2774 69.
347 2750 423 2774 non
447 2742 529 2775 dub.
556 2744 708 2789 vestigia
733 2746 788 2785 12,
817 2745 874 2785 11,
899 2743 956 2775 21.
987 2740 1070 2773 dub.
1093 2739 1330 2789 vocabula-1,
1352 2735 1388 2778 6,
1413 2739 1470 2771 38.
1512 2736 1649 2826 ”Bait-
1683 2757 1702 2782 ..⁵

150 2786 264 2816 bium
290 2792 377 2828 esi,
411 2788 454 2819 ἰκ
484 2788 666 2820 dubium
696 2791 816 2822 venit
841 2795 930 2822 etc..-
967 2785 1011 2829 α)
1040 2784 1183 2820 Nemini
1206 2783 1352 2817 dublum
1376 2787 1431 2816 est
1453 2783 1542 2825 (fig.
1591 2784 1648 2825 10,
