1728 3002
1562 135 1569 152 1

168 179 251 218 54ὲο
601 195 604 197 v
835 175 991 236 Movewo

209 291 342 324 hensus
366 292 402 333 9,
425 291 460 334 4,
490 289 567 324 143.
591 290 630 324 in
654 290 745 325 alios
770 295 843 335 atq.
865 290 958 326 >alios
981 302 1031 326 m.
1063 291 1234 326 ducerent
1265 289 1465 327 auditorem
1495 293 1539 326 ib.
1574 293 1632 326 10..
1664 291 1703 328 in

210 337 426 382 argumentis
451 336 548 370 citati
572 343 643 382 atq.
671 338 751 382 ipso
776 337 883 371 etiam
906 350 955 372 m.
984 339 1122 372 celeres
1154 349 1274 372 sumus
1297 336 1395 381 9,-4‚
1427 337 1506 373 138.
1537 349 1584 371 ne
1609 336 1704 371 dica—

209 395 287 417 mus
312 383 430 418 omnia
454 385 630 425 clamose,
671 384 766 424 quod
797 384 1016 418 insanum
1046 390 1119 427 est,
1152 390 1212 418 anit
1233 383 1328 418 intra
1349 384 1522 428 loquendi
1545 385 1704 426 modum,

198 428 306 473 “quod
329 435 456 463 motu
481 435 579 464 caret
603 432 660 473 11,
677 432 711 473 3,
727 429 785 465 45.
810 430 888 465 sine
912 436 1011 465 motu
1040 431 1192 475 quodam
1214 432 1251 473 9,
1264 433 1299 472 2,
1322 428 1368 464 42
1390 442 1423 464 υ.
1444 429 1702 464 Audacter.

209 477 278 518 111)
306 478 329 510 i.
354 489 386 520 q.
408 483 588 519 tropus.-
627 478 725 520 quod
747 482 944 511 vertant
967 477 1185 525 orationem,
1220 478 1319 512 unde
1344 481 1381 511 et
1402 482 1552 511 motus
1577 475 1704 510 dicun-

165 566 170 569 .
209 526 267 554 tur
291 524 326 564 9,
353 527 386 564 1,
410 525 444 556 2.
471 524 514 564 «j.
541 523 575 565 8,
602 524 636 566 5,
660 524 704 558 35
731 524 779 557 N.

165 566 338 609 stioveo·
380 580 414 619 1)
444 583 597 623 proprie.-
639 581 680 622 α)
703 585 811 625 prout
833 586 1000 616 movetur
1030 579 1164 622 (aura)
1199 581 1256 622 11,
1287 581 1320 621 3,
1357 579 1415 614 16.
1463 589 1546 612 cum
1580 589 1706 612 manus

208 630 378 659 movetur
404 628 448 659 ib.
476 628 554 660 100.
591 638 698 660 nares
728 637 878 662 movere
901 630 944 661 ib.
987 628 1042 661 80.
1074 627 1199 660 oculos
1223 630 1348 660 movet
1379 624 1535 667 (gestus)
1568 626 1612 658 ib.
1647 623 1705 663 14„

208 673 396 715 pulverem
419 678 543 707 movet
567 675 600 715 5,
628 675 685 716 10,
709 674 767 708 81.
790 673 884 707 inter
912 684 1011 707 sacra
1037 673 1186 708 movit
1210 671 1349 716 (1ῨόῑῇΣ
1367 670 1454 714 conj.
1480 668 1702 713 movetur)

210 729 303 761 aqua
335 719 499 752 fraxinos
535 722 611 753 Ma
622 733 691 753 ece
703 733 734 754 n.
769 721 804 763 9,
841 718 877 762 4,
928 722 974 753 28
1007 720 1054 753 N.
1094 726 1125 752 et
1164 720 1199 752 S.
1248 718 1379 752 leviter
1416 718 1502 751 loco
1540 716 1629 750 moti
1667 717 1703 759 7,

208 765 269 798 Pr.
295 767 329 798 2.
376 764 419 810 ῥ’)
454 776 571 810 neque
602 765 718 809 enim,
756 765 840 811 quia
871 771 1108 808 movetur,
1144 764 1205 809 qui
1235 763 1539 810 ingreditur,
1572 762 1706 797 iccirco

210 809 271 854 qui
296 816 534 852 movetur,
566 811 847 859 ingreditur
875 813 908 854 5,
932 813 967 853 9,
992 812 1027 846 6.
1055 807 1172 855 servi,
1191 809 1354 844 :ancillae
1379 817 1439 843 etc.
1467 807 1607 842 citatius
1630 816 1706 842 mo-

207 862 341 891 ventur
366 858 415 898 (in
434 857 589 902 sabulis)
615 858 670 902 11,
696 860 730 901 3,
756 861 811 893 12.
840 869 907 892 nos
931 860 1142 902 plerumque
1164 857 1356 898 maioribus
1379 854 1474 890 velis
1495 865 1708 889 moveamur

209 905 267 946 12,
294 905 350 946 10,
376 905 433 938 37.
483 904 654 949 quidquid
678 916 734 939 ex
762 917 801 939 se
824 905 903 949 ipso
931 910 1099 939 movetur
1123 903 1158 947 5,
1185 902 1242 946 14,
1268 905 1324 937 10.
1373 900 1420 946 11)
1456 903 1481 935 i.
1520 914 1552 949 q.
1588 904 1704 934 exci-

209 956 273 982 to.-
306 961 444 983 summa
476 951 571 984 circa
603 952 805 986 movendos
841 951 986 985 affectus
1018 951 1056 984 in
1089 951 1161 984 hoc
1184 948 1302 994 posita
1325 953 1402 991 est,
1435 951 1476 980 ut
1497 957 1717 989 moveamur,

208 995 276 1039 ipsi
300 998 336 1039 6,
359 1000 394 1039 2,
417 997 473 1031 26.
519 1003 559 1030 ut
583 997 733 1031 affectas
758 996 968 1032 concitatius
995 1002 1139 1032 moveat
1167 999 1223 1040 12,
1252 997 1309 1038 w,
1327 997 1387 1029 26.
1409 1005 1444 1027 υ.
1469 993 1703 1026 Affectus.

207 1042 305 1077 Hinc
332 1043 389 1084 (a.
415 1047 438 1077 1.
463 1043 546 1086 hic)
570 1050 765 1079 moventur
790 1045 873 1078 illae
897 1043 943 1088 (S
953 1058 986 1088 p.
1015 1042 1130 1087 mille)
1153 1042 1241 1086 juris
1269 1039 1516 1076 cavillationes
1539 1042 1575 1081 7,
1599 1037 1634 1082 4,
1663 1040 1709 1074 37

207 1092 253 1122 Ζ.
300 1090 543 1134 conjecturam
565 1097 689 1125 movet
714 1093 748 1133 3,
772 1091 807 1133 6,
838 1093 882 1125 10
906 1092 951 1125 Ν.
999 1096 1059 1124 aut
1085 1088 1268 1124 fastidium
1290 1091 1480 1128 moveant,
1504 1091 1564 1118 aut
1588 1085 1707 1129 pudo-

208 1146 287 1167 rem
310 1138 345 1178 2,
371 1135 407 1178 4,
432 1137 489 1171 29.
537 1143 572 1170 et
594 1136 654 1170 hic
677 1136 875 1172 finitionem
903 1143 1025 1172 movet
1049 1139 1084 1179 3,
1108 1136 1143 1179 6,
1174 1137 1254 1171 103.
1301 1143 1452 1168 movere
1484 1131 1648 1165 lacrimas
1670 1130 1707 1173 4,

208 1183 245 1222 2,
273 1184 331 1215 77.
379 1183 559 1216 movenda
583 1183 766 1217 miseratio
789 1186 825 1227 3,
849 1185 883 1223 8,
909 1186 964 1217 12.
1013 1183 1124 1216 risum
1147 1186 1338 1216 moventes
1370 1179 1406 1222 6,
1436 1181 1469 1221 1,
1493 1179 1551 1212 38.
1577 1189 1610 1211 v.
1634 1177 1728 1222 Fui-2

210 1237 295 1260 sus.
352 1228 554 1273 tragoedias
590 1229 730 1264 moveri
772 1230 807 1272 6,
845 1233 878 1272 1,
913 1231 970 1264 36.
1020 1239 1086 1273 pro
1117 1238 1182 1262 reo
1214 1228 1424 1271 plerumque
1461 1223 1709 1276 gravissinumi

209 1273 367 1317 quidque
391 1273 543 1317 primum
570 1276 789 1309 movendum
813 1281 867 1309 est
889 1279 924 1318 7,
950 1278 984 1317 1,
1021 1278 1062 1308 11
1099 1276 1147 1308 N.
1195 1274 1310 1315 haee,
1353 1282 1445 1316 quae
1477 1280 1586 1314 supra
1616 1268 1707 1311 dixi,

209 1329 287 1352 non
313 1329 502 1354 movere
527 1326 684 1363 tantum,
720 1319 847 1355 verum
871 1332 918 1354 ex
953 1321 1098 1355 diverso
1130 1317 1323 1353 amoliri
1352 1326 1497 1361 quoque
1519 1315 1728 1359 prooemio,

209 1375 301 1408 opus
325 1370 379 1398 est
405 1364 441 1407 4,
468 1368 500 1407 1,
525 1367 570 1400 29
599 1367 671 1407 N;
726 1366 886 1401 movisse
917 1366 1035 1410 aliqua
1066 1365 1195 1403 circa
1226 1362 1432 1398 rhetoricen
1468 1361 1728 1404 Empedoclea.

210 1411 340 1445 dicitur
361 1414 396 1454 3,
425 1415 457 1453 1,
484 1412 507 1445 8
530 1413 580 1448 Ν.
627 1411 801 1447 vivunt
825 1407 945 1445 omnia
974 1418 1010 1446 et
1031 1415 1286 1445 moventur
1309 1409 1359 1453 (in
1385 1410 1559 1449 oratione)
1585 1409 1641 1450 10,
1672 1404 1728 1451 1,‘

212 1457 268 1492 16.
317 1456 381 1501 Ill)
408 1460 454 1491 ad
478 1460 604 1490 animos
638 1460 789 1501 peninet.
837 1459 875 1500 α)
910 1461 1070 1492 absolute.
1117 1455 1155 1500 a)
1181 1463 1332 1491 movere
1364 1453 1614 1490 vehementius
1652 1455 1711 1496 10,

212 1505 246 1546 1,
273 1506 352 1542 110,
403 1503 661 1547 conciliet,
696 1505 1008 1548 persuadeat,
1057 1507 1245 1537 moveat
1277 1497 1550 1545 (pronuntiatio)
1589 1501 1645 1542 11,
1672 1499 1708 1542 3,

213 1549 292 1584 154.
322 1563 355 1584 v.
387 1550 624 1584 Concilio.
648 1550 870 1585 Delecto.
916 1556 955 1584 ut
983 1550 1096 1595 magis
1119 1553 1269 1587 moveat¹
1288 1543 1439 1590 (causa)
1463 1545 1498 1590 4,
1521 1543 1557 1588 4,
1579 1544 1614 1579 4.
1639 1545 1708 1581 fal-

211 1607 257 1630 sa
285 1600 319 1629 et
344 1596 569 1630 incredibilia
598 1602 722 1630 natura
748 1608 897 1631 necesse
921 1595 1062 1635 est-aut
1083 1608 1118 1629 m
1129 1594 1229 1641 a-gis
1254 1597 1499 1634 moveant,
1539 1597 1601 1624 aut
1623 1602 1675 1634 pr

211 1643 356 1677 vanis
381 1642 693 1687 accipiantur
726 1645 759 1686 9,
793 1647 829 1685 2,
859 1645 923 1677 ¹33.
962 1648 1080 1676 mutae
1111 1634 1251 1680 tantuin
1284 1650 1344 1673 res
1367 1642 1528 1679 movent,
1559 1636 1590 1670 si
1618 1637 1728 1681 (Spa

213 1690 256 1722 de
282 1689 386 1733 conj.)
411 1695 471 1722 aut
495 1700 576 1722 cum
598 1688 686 1732 ipsis
709 1689 909 1733 loquimur,
943 1695 1002 1722 aut
1038 1686 1149 1732 [cum]
1176 1687 1271 1730 ipsas
1290 1684 1402 1729 ioqui
1425 1683 1589 1730 fingimus
1611 1683 1648 1725 6,
1674 1676 1728 1725 1,ἑ

212 1735 260 1770 25
284 1737 329 1769 Ν.
357 1749 404 1768 cr.
432 1743 462 1769 et
488 1737 523 1770 S.
573 1734 710 1769 etiamsi
733 1735 961 1781 persingula
989 1734 1101 1781 magis
1122 1737 1357 1774 moverat,
1389 1730 1493 1764 turba
1528 1730 1647 1764 valet
1671 1729 1706 1771 6,

214 1785 248 1824 1,
280 1785 320 1825 1;
349 1781 420 1815 alia
445 1781 655 1816 docendi
686 1780 754 1815 alia
779 1781 1005 1816 moven'di
1030 1779 1142 1827 gratia
1166 1778 1318 1813 dicenda
1341 1778 1461 1819 1Ο,”2,
1483 1776 1542 1809 23.
1570 1786 1602 1810 v.
1627 1776 1728 1849 Do-4

213 1838 311 1862 ceo.
355 1829 530 1863 movendi
553 1828 712 1862 officium
737 1830 794 1870 12,
819 1830 875 1869 10,
902 1828 957 1863 59.
1004 1825 1180 1862 Movendi
1205 1823 1298 1858 ratio
1331 1828 1393 1858 aut
1426 1822 1465 1855 in
1498 1831 1728 1865 repraesen·.

212 1874 329 1908 tandis
364 1880 417 1908 est
452 1880 512 1908 aut
543 1873 723 1907 imitandis
757 1873 942 1907 affectibus
973 1874 1038 1916 111,
1069 1875 1104 1915 3,
1137 1871 1216 1918 156.
1263 1869 1302 1904 in
1334 1861 1525 1903 'movendo
1553 1867 1722 1914 gravitas*-

215 1923 271 1963 12,
297 1923 352 1962 10,
378 1922 433 1955 59.
482 1921 522 1962 b)
546 1920 595 1953 ita
620 1921 790 1964 quisque,
821 1926 860 1953 ut
885 1919 1003 1962 audit,
1026 1920 1194 1953 niovemr
1218 1919 1274 1959 11,
1303 1917 1338 1958 3,
1363 1918 1398 1949 2.
1421 1923 1711 1956 moveamur,

212 1978 288 2001 non
313 1965 619 2001 concidamus
644 1969 700 2008 12,
728 1968 762 2008 5,
786 1964 820 1999 4.
868 1967 1078 2010 frequenter
1100 1970 1217 1998 motus
1241 1973 1341 2004 sum,
1383 1965 1424 1995 ut
1454 1970 1513 1994 me
1548 1969 1622 1993 non
1657 1959 1722 1992 lii-³

214 2013 345 2047 crimae
370 2015 486 2047 solum
510 2012 840 2056 deprehenderent,
873 2013 936 2046 sed
969 2013 1101 2056 pallor,
1136 2016 1172 2043 et·
1202 2008 1283 2043 veri
1313 2005 1438 2040 similis
1475 2006 1580 2039 dolor
1609 2007 1644 2047 6,
1674 2007 1711 2047 2,

213 2061 272 2094 36.
319 2059 358 2104 β)
387 2073 416 2093 c.
451 2059 551 2103 Obj.:
577 2061 689 2101 haec,
719 2069 810 2103 quae
834 2070 893 2092 me
916 2058 1123 2098 movebant,
1148 2053 1398 2089 dissimulanda
1419 2051 1506 2085 mihi
1528 2051 1605 2085 non
1630 2052 1712 2084 fue-

213 2110 298 2140 runt
319 2107 354 2148 6,
379 2108 415 2147 3,
443 2108 510 2139 112
536 2107 583 2139 Ν.
630 2115 746 2148 neque
769 2116 828 2138 me
851 2102 1127 2139 Lacedaemonii
1151 2107 1187 2136 et
1211 2098 1450 2134 Athenienses
1472 2097 1584 2143 magis
1607 2108 1715 2141 qutun

213 2153 368 2196 populus
394 2154 497 2188 Rom,
523 2151 705 2186 moverint
730 2153 767 2193 2,
797 2151 854 2192 16,
883 2152 917 2186 9.
945 2150 990 2192 cs.
1015 2152 1050 2192 9,
1078 2152 1110 2192 1,
1137 2151 1194 2181 22.
1221 2146 1300 2181 sive
1326 2156 1407 2179 eum
1430 2143 1564 2186 movit,
1590 2148 1676 2188 (ΙΨο

212 2199 455 2246 Hermagoras
477 2197 590 2242 prima
612 2196 651 2230 in
674 2197 746 2230 hoc
778 2198 862 2230 loco
888 2196 1007 2240 posuit
1035 2195 1197 2237 exempla
1232 2203 1280 2225 ex
1311 2189 1580 2235 quaestionibus
1610 2188 1699 2232 iuris

215 2244 294 2279 sive
322 2245 447 2288 quod
475 2251 536 2278 etc.
562 2246 596 2286 3,
620 2244 656 2285 6,
673 2244 734 2278 59.
780 2244 878 2287 quod
901 2243 1018 2286 ipsum
1040 2240 1214 2275 movisset
1238 2239 1283 2271 de
1314 2238 1394 2271 ead.
1426 2248 1467 2270 re
1484 2234 1706 2280 pronuntia·

213 2296 334 2324 turum
362 2294 418 2334 12,
443 2291 479 2333 8,
505 2291 560 2324 15.
607 2299 756 2324 movere
779 2289 964 2323 audientes
990 2291 1045 2330 12,
1071 2290 1106 2329 2,
1134 2288 1187 2319 11.
1215 2283 1258 2325 cs.
1289 2284 1324 2327 9,
1350 2286 1384 2326 1,
1410 2282 1468 2318 25.
1495 2291 1625 2317 vocem
1647 2291 1674 2328 g

214 2342 402 2380 stumque,
441 2347 591 2380 quorum
619 2336 709 2369 alter
735 2336 883 2378 oculos,
916 2337 1025 2368 altera
1052 2343 1155 2366 aures
1178 2335 1303 2365 movet
1327 2331 1384 2373 11,
1411 2330 1448 2372 3,
1473 2327 1528 2362 14.
1545 2326 1618 2361 ‘cur
1645 2337 1688 2373 eg

215 2382 371 2425 judicem
395 2383 531 2425 nolim,
563 2383 647 2415 dum
671 2392 753 2415 eum
778 2382 946 2424 doceo,
980 2379 1087 2414 etiam
1120 2387 1308 2412 movere
1341 2374 1380 2418 4,
1406 2377 1443 2417 2,
1478 2376 1556 2408 111.
1590 2372 1638 2414 eff.
1664 2374 1673 2383 '⁷

218 2430 275 2470 13,
304 2429 361 2464 59.
386 2430 422 2471 8,
448 2429 483 2471 5,
511 2453 518 2461 .
536 2431 568 2460 2.
615 2439 685 2461 nec
712 2427 868 2470 judices,
903 2437 924 2460 a
949 2436 1020 2470 quo
1045 2425 1115 2459 sint
1137 2423 1244 2466 moti,
1291 2421 1513 2456 dissimulant
1536 2421 1594 2462 12,
1617 2413 1652 2460 9,
1693 2458 1702 2470 ,ὁ

218 2485 309 2516 opus
333 2475 503 2509 movendi
526 2474 681 2516 judicum
709 2483 846 2508 ammos
868 2474 904 2518 6,
930 2475 965 2515 2,
991 2474 1021 2506 1.
1048 2483 1082 2505 υ.
1105 2471 1238 2503 Form
1249 2470 1285 2503 ό.
1331 2468 1377 2502 ad
1405 2466 1608 2502 movendos
1641 2464 1666 2498 h
1703 2502 1705 2507 ¹

219 2748 298 2782 veri
324 2750 380 2789 11,
408 2749 443 2789 3,
467 2748 523 2779 62.
572 2759 666 2781 ῃιονΔ
695 2748 970 2792 periclitantium
996 2746 1080 2783 vice
1103 2748 1137 2789 6,
1161 2749 1204 2788 2,‘
1225 2745 1282 2779 35.
1314 2753 1405 2787 quae
1428 2741 1610 2784 (offensui)
1635 2727 1728 2793 non&

221 2806 281 2829 ex
309 2794 405 2828 facto
427 2793 536 2826 modo
561 2794 704 2829 dictove
728 2794 850 2838 aliquo
874 2796 941 2829 sed
966 2795 1069 2829 vultu
1091 2800 1152 2830 etc.
1184 2799 1284 2827 mov.
1317 2789 1410 2823 solet
1437 2787 1472 2831 6,
1506 2790 1540 2830 1,
1575 2785 1642 2831 143
1663 2785 1728 2849 „33

1698 2895 1728 3002 ἐξ
