1728 3002
560 157 825 254 ‚Frugalitas
862 215 918 228 --
946 190 1085 249 Fugio
1521 185 1608 232 3⁵7

65 313 322 374 Frugaflffls·
367 323 480 368 (nae
502 323 545 358 tii
568 318 683 364 aicta)
711 323 747 364 1,
772 320 810 364 6,
833 321 891 355 17.
911 318 971 354 29.
999 327 1033 351 υ.
1052 314 1207 369 Frugi:
1242 313 1509 368 frugalitas
1532 313 1600 367 bo-

110 386 218 417 num,
250 370 443 407 luxuria
465 369 562 405 enim
584 369 715 403 maliun
738 369 779 410 5,
811 367 879 408 10,
920 366 980 399 73.
1013 363 1131 397 facilus
1167 362 1329 396 ciborum
1359 363 1525 408 digestio,
1563 361 1599 394 id

7 429 15 437 ‘
62 425 67 429 “
111 427 169 456 ent
187 417 373 466 frugalitas
400 419 465 459 11,
494 418 540 459 3,
572 416 627 450 19.
651 414 747 448 bona
772 412 965 455 valetudo,
1000 419 1163 454 quaeque
1194 419 1273 442 eam
1302 408 1461 442 maxime
1493 417 1599 451 prae-

111 472 184 502 stat
200 464 382 512 frugalitas
410 465 475 505 10,
497 464 534 505 3,
560 461 617 495 26.
643 461 687 494 ad
721 458 956 504 perferendos
989 454 1186 489 studiorum
1218 454 1360 489 labores
1397 453 1599 488 necessaria

110 514 206 559 frug.
233 514 295 554 12,
323 512 357 552 1,
380 510 415 544 8.
439 509 533 554 frug.
562 519 618 551 ap.
643 505 827 551 Sybaritas
851 502 1004 538 forsitan
1026 501 1111 535 odio
1147 501 1242 535 foret
1266 502 1311 543 3,
1352 503 1397 544 7,
1440 498 1508 541 243
1553 511 1598 532 an

111 579 160 586 —
181 554 554 596 continentiam,
586 550 922 598 frugalitatem
946 547 1075 582 melius
1097 547 1157 581 alii
1191 547 1374 581 docebunt
1398 549 1455 590 12,
1479 549 1516 588 2,
1539 547 1597 580 30.

114 605 267 651 quadam
289 599 516 646 eloquentiae
535 598 739 647 frugalitate
762 601 952 632 contentos
977 597 1043 637 12,
1078 596 1147 637 10,
1170 596 1229 629 21.

0 689 2 692 v
66 661 214 718 Frugi·
257 681 341 707 cum
364 670 419 704 M.
445 667 593 704 Coelius
623 678 664 701 se
695 676 775 719 esse
803 664 987 717 hominem
1019 663 1150 717 frugi
1189 665 1271 699 vult
1304 661 1484 707 probare,
1526 668 1600 692 non

113 719 198 765 quia
229 715 480 769 abstinens
506 713 572 757 sit,
606 713 671 766 sed
693 723 776 758 qma
800 712 942 745 utllis
963 711 1106 754 multu,
1135 711 1173 744 1d
1197 716 1271 764 est,
1307 710 1601 759 fructuosuS,

110 762 416 856 xdzersigtidicut:
433 761 513 841 :girl
547 757 925 848 ἐιὲιιιξαὲἳ1ἰοῗ,2ξ9.
950 769 985 792 v.
1017 757 1256 804 Frugahs.
1289 756 1600 793 luxuriosus,

8 929 10 933 ι
64 866 279 924 Frugifer·
320 876 488 911 nullusne
511 884 599 922 ergo
621 870 807 921 frugiferis
827 869 885 916 (S
892 884 926 917 q.
948 867 1166 916 fructiferis)
1183 867 1405 904 adhibendus
1421 872 1476 903 est
1490 866 1601 901 decor

66 923 357 1015 Frz’miilttslin.
401 978 447 1012 ad
466 977 575 1012 frum.
598 976 838 1011 coemendum
862 976 921 1017 11,
944 975 980 1018 1,
1006 974 1065 1010 80.

68 1027 222 1070 Fruor.
275 1044 384 1068 usura
406 1034 506 1067 fruar
531 1034 576 1076 6,
611 1035 655 1076 3,
685 1034 745 1068 68.
772 1031 827 1066 illi
851 1030 1084 1076 persuasione
1111 1041 1178 1066 sua
1200 1029 1367 1064 &uantur
1393 1029 1452 1071 11,
1476 1027 1514 1070 3,
1541 1026 1600 1059 11.

116 1079 415 1126 contemplatione
438 1079 495 1114 sui
515 1080 683 1113 fruuntur
704 1082 740 1122 2,
766 1079 825 1122 18,
846 1076 883 1112 4.
1043 1098 1047 1101 -

69 1130 261 1175 Frustra·
287 1137 326 1181 ι)
349 1139 442 1170 sine
471 1143 663 1171 eventu.-
711 1136 759 1173 st.
793 1133 997 1172 cervicibus
1029 1133 1203 1168 tollebant
1237 1134 1353 1167 Goel.
1384 1129 1420 1172 4,
1454 1131 1491 1172 2,
1523 1127 1604 1180 124.

114 1187 162 1222 fr.
186 1184 233 1219 sit
253 1183 294 1219 in
314 1182 444 1218 ceteris
464 1183 666 1216 laboratum
693 1184 760 1225 10,
791 1183 827 1224 1,
846 1183 882 1215 2.
912 1181 960 1215 fr.
990 1181 1164 1214 docemur
1193 1180 1253 1221 11,
1272 1179 1309 1219 2,
1335 1179 1367 1210 1.
1392 1177 1441 1210 fr.
1463 1185 1605 1218 praeci-

112 1232 210 1278 pitur
234 1232 271 1272 7,
291 1230 329 1272 9,
353 1227 409 1263 14.
434 1227 481 1270 cs.
506 1231 564 1271 11,
587 1230 624 1271 3,
649 1229 705 1262 13.
728 1227 770 1272 β)
793 1229 890 1260 sine
910 1226 1045 1268 insta
1076 1237 1235 1259 causa.-
1272 1233 1391 1267 neque
1413 1222 1607 1255 flustra-

113 1278 267 1313 affimat
303 1278 360 1318 12,
388 1277 427 1317 2,
454 1273 490 1310 4.
520 1284 597 1307 ιιοιι
626 1274 673 1308 fr.
706 1272 807 1307 Plato
842 1271 945 1307 civili
974 1271 1059 1308 viro
1090 1287 1138 1294 -
1167 1268 1410 1305 necessariam
1443 1277 1607 1300 musicen

113 1321 266 1360 credidit
289 1322 324 1364 1,
348 1322 406 1363 10,
433 1321 488 1355 15.
540 1318 661 1366 Quid?
688 1318 907 1352 Nicandrum
929 1318 976 1352 fr.
1000 1316 1116 1351 secuti
1130 1317 1257 1350 Macer
1279 1321 1387 1359 atque
1402 1312 1606 1360 Virgilius?

110 1386 159 1396 —-
182 1366 300 1414 Quid?
332 1366 504 1401 Horatius
525 1365 573 1399 fr.
602 1366 801 1413 Tyrtaeum
823 1363 1032 1410 subjungit?
1058 1365 1124 1405 10,
1151 1365 1187 1406 1,
1210 1362 1268 1397 56.
1290 1362 1336 1395 fr.
1365 1361 1459 1394 mala
1484 1359 1607 1392 omnia

113 1413 328 1497 &usati-{nmini
340 1412 509 1493 sog-tun&
529 1412 731 1460 relegamus
753 1411 790 1454 6,
802 1409 926 1454 1³:313.
949 1411 1044 1445 hanc
1061 1408 1205 1456 quidam
1221 1406 1450 1455 aposiopesin
1468 1409 1608 1451 putant,

69 1505 318 1548 Fmstratio.
336 1484 348 1502 ’
372 1483 450 1549 sirie
483 1483 718 1549 frustratione
740 1515 783 1556 2,
812 1515 880 1557 20,
906 1514 942 1548 3.

70 1563 285 1607 Frustnm.
323 1582 392 1606 nec
412 1572 484 1616 jam
508 1572 712 1605 membra
735 1571 799 1605 sed
821 1570 1003 1614 frusta,
1033 1568 1070 1613 4,
1097 1569 1131 1613 5,
1155 1568 1215 1604 25.
1246 1565 1293 1609 cs.
1316 1566 1352 1610 8,
1376 1565 1411 1610 5,
1436 1567 1495 1600 27.

72 1615 252 1678 [ῈῙῚΙΧο]
310 1633 432 1663 cetera
457 1627 609 1662 forsitan
630 1629 750 1663 tenuis
768 1638 912 1672 quoque
939 1632 976 1662 et
993 1633 1143 1672 angusta
1157 1623 1294 1672 ingenii
1317 1635 1415 1659 vena
1437 1631 1610 1669 generare

117 1682 224 1720 atque
246 1675 293 1709 ad
313 1674 453 1720 frugem
475 1674 628 1718 aliquam
649 1675 845 1718 perducere
869 1679 978 1718 queat
998 1674 1035 1716 6,
1059 1676 1095 1716 2,
1129 1675 1175 1714 33
1210 1673 1353 1717 frugum
1385 1670 1534 1703 inventa
1571 1667 1611 1701 in

117 1722 251 1757 Cerere
274 1721 512 1755 ostenduntur
534 1722 575 1763 3,
598 1723 635 1763 7,
668 1721 703 1755 8.
748 1719 913 1767 frugibus
935 1719 976 1755 in
998 1725 1095 1754 terra
1118 1718 1282 1753 sentibus
1309 1727 1352 1751 ac
1373 1715 1474 1750 rubis
1498 1724 1610 1748 occu-

118 1772 203 1812 pata
223 1768 340 1808 (locus
363 1778 428 1799 non
451 1764 528 1809 est)
554 1768 619 1809 12,
655 1768 698 1809 1,
730 1769 765 1802 7.

73 1812 275 1853 Fucinus·
313 1821 347 1855 si
367 1839 413 1845 —
434 1821 605 1856 adhibeas
625 1841 674 1849 -
695 1821 828 1856 fucinis
850 1822 1023 1868 sulphura
1045 1820 1096 1866 (a.
1118 1823 1144 1855 1.
1167 1819 1324 1857 succinis
1349 1830 1395 1863 a„
1412 1821 1459 1852 az.
1484 1814 1610 1850 bucci-

122 1866 179 1900 nis
201 1867 419 1910 purpuram)
446 1870 509 1910 12,
545 1870 608 1911 10,
638 1868 685 1903 76
713 1869 762 1903 Ν.
785 1875 819 1902 et
841 1869 878 1902 S.

74 1912 207 1954 Fuco-
245 1931 397 1965 corpora
417 1923 524 1957 volsa
546 1928 653 1967 atque
676 1923 798 1958 fucata
819 1925 855 1968 8,
876 1925 948 1959 Pr:
966 1924 1025 1960 19.

73 1969 228 2012 Funus·
274 1976 337 2022 qui
362 1977 521 2011 colorem
548 1978 637 2012 fuco
668 1994 715 2004 —
746 1979 965 2014 mentiantur
996 1983 1042 2023 2,
1083 1980 1149 2023 15,
1182 1979 1244 2016 25.
1274 1978 1363 2014 fuco
1402 1973 1612 2013 ementitum

123 2029 183 2068 (α.
207 2029 231 2058 1.
255 2021 498 2066 eminentem)
529 2025 691 2057 colorem
709 2025 747 2066 8,
770 2027 807 2067 3,
828 2025 866 2059 6.

75 2071 212 2126 Fuga.
262 2078 419 2114 Fabricii
439 2079 525 2125 fuga
544 2079 608 2113 ina
629 2079 667 2122 6,
689 2081 725 2121 3,
746 2079 808 2124 ῳ.
833 2079 984 2114 afiorum
1007 2079 1035 2124 f.
1058 2080 1197 2115 incerta
1216 2080 1253 2123 8,
1282 2080 1326 2122 3,
1357 2078 1416 2112 68.
1448 2075 1612 2111 sinmlata

52 2169 55 2175 μ
122 2127 152 2161 f.
179 2130 215 2169 2,
239 2128 296 2168 13,
318 2124 361 2168 4,
391 2125 422 2158 f.
443 2124 536 2159 lucis
559 2127 595 2166 1,
619 2126 656 2166 3,
680 2125 737 2160 16.

78 2173 231 2228 Fugio.
273 2183 307 2225 ι)
327 2180 445 2215 subito
468 2191 524 2215 ex
545 2179 725 2215 subselliis
746 2180 839 2228 fugit
859 2181 897 2224 6,
921 2182 956 2223 1,
978 2179 1037 2216 48.
1059 2179 1268 2227 fugiendum
1303 2179 1358 2212 (ιο
1386 2177 1534 2212 civitate
1565 2179 1609 2210 ih.

126 2231 185 2265 19.
208 2238 392 2272 uunquam
415 2226 557 2274 fugiens
581 2226 787 2271 respexeris
809 2228 845 2270 6,
871 2228 907 2269 3,
931 2227 978 2261 75
993 2228 1060 2267 Ν.;
1085 2226 1259 2272 fugiendo
1279 2223 1611 2258 hominumturbam

126 2277 165 2319 1,
186 2277 222 2317 2,
246 2277 281 2308 2.
307 2273 353 2316 11)
377 2276 494 2309 transl.
518 2271 561 2316 α)
585 2282 658 2317 quo
682 2272 816 2319 fugerit
837 2271 981 2306 interim
995 2273 1101 2305 dolor
1122 2271 1211 2306 ille?
1235 2273 1292 2313 11,
1319 2273 1352 2313 1,
1377 2269 1432 2305 54.
1457 2275 1494 2304 et
1510 2271 1612 2302 dam-

86 2315 93 2325 *
127 2320 247 2354 nanda
270 2323 374 2361 sunt,
405 2329 496 2362 quae
523 2319 830 2362 placuerant3
865 2322 902 2352 et
926 2317 1239 2359 invenienda,
1266 2327 1358 2360 quae
1379 2316 1611 2362 fugerant

129 2367 200 2408 10,
232 2363 277 2408 4,
305 2367 341 2399 2.
365 2362 409 2408 β)
436 2376 466 2397 c.
490 2367 617 2398 Aecus.
643 2363 682 2407 a)
706 2366 794 2398 rei.-
826 2362 911 2397 licet
937 2373 1076 2407 paeona
1108 2368 1346 2407 sequatur
1371 2362 1536 2405 Ephorus
1564 2378 1611 2384 --

71 2414 78 2425 “
128 2410 285 2464 fugiat
315 2410 512 2453 spondeum
544 2415 581 2444 et
612 2410 792 2455 dactylum
822 2410 859 2451 9,
889 2408 927 2451 4,
964 2410 1022 2444 87.
1052 2409 1261 2456 longissime
1292 2407 1463 2454 fugienda
1492 2407 1611 2441 mollis

129 2462 226 2491 acuo
251 2458 309 2498 11,
331 2457 367 2498 3,
395 2456 473 2490 128.
496 2454 543 2497 es.
569 2457 614 2489 ib.
637 2457 694 2490 88.
725 2456 770 2490 de
792 2455 971 2499 Epicuro,
1001 2454 1062 2498 qui
1086 2454 1290 2498 disciplinas
1316 2465 1441 2488 omnes
1462 2453 1554 2500 fugit
1576 2456 1611 2495 2,

130 2505 191 2545 17,
215 2502 271 2536 15.
298 2500 344 2542 qs.
373 2504 432 2544 12,
456 2503 492 2543 2,
515 2503 572 2535 24.
595 2502 692 2546 quod
716 2500 845 2536 vitium
866 2500 1008 2547 fugiens
1031 2503 1069 2544 2,
1093 2501 1151 2544 15,
1175 2501 1231 2535 16.
1264 2499 1326 2544 qui
1358 2498 1545 2546 fugiunt
1568 2510 1611 2532 ac

128 2546 449 2583 reformidant
473 2557 618 2582 omnem
644 2549 739 2581 hanc
763 2548 986 2590 voluptatem
1007 2547 1052 2588 8,
1084 2547 1128 2589 5,
1157 2548 1215 2581 32.
1251 2546 1288 2587 b)
1322 2557 1503 2589 personae:
1536 2555 1610 2578 non

127 2605 188 2629 me
211 2594 252 2627 fu
277 2593 305 2626 't
329 2592 559 2635 (figuratum)
591 2595 648 2636 10,
676 2596 711 2635 1,
747 2594 783 2628 8.
818 2594 961 2640 fugerat
988 2602 1048 2625 me
1080 2592 1173 2633 (non
1210 2592 1425 2634 injucundum
1452 2589 1613 2634 schema)

131 2639 170 2683 4,
193 2641 229 2683 5,
251 2603 288 2673 Ξ,
312 2638 381 2672 alia
402 2639 467 2672 vel
491 2638 563 2672 sint
583 2638 755 2682 forsitan,
798 2650 842 2672 ac
876 2648 945 2672 nos
974 2638 1003 2671 fi
1039 2637 1132 2671 erint
1161 2638 1208 2680 9,
1243 2641 1285 2680 2,
1320 2640 1399 2672 107.
1433 2636 1614 2671 neminem

131 2685 224 2719 haec
244 2684 377 2718 utilitas
398 2684 491 2731 fugit
516 2687 552 2725 2,
584 2687 619 2726 5,
653 2688 709 2720 17.
739 2683 786 2726 «J.
824 2686 892 2726 11,
930 2686 976 2726 2,
1038 2686 1072 2718 7.
1108 2684 1287 2728 quomodo
1321 2682 1614 2718 inveniemus

133 2730 238 2764 etiam
259 2731 340 2764 illas
362 2729 578 2765 occultiores
599 2729 756 2777 figuras?
783 2746 827 2754 --
852 2730 935 2764 Non
962 2735 1079 2763 tamen
1100 2730 1179 2763 fere
1207 2740 1363 2773 unquam
1391 2728 1459 2761 nisi
1482 2728 1616 2771 impru-

132 2777 275 2813 dentem
297 2775 508 2824 fugerint
533 2779 569 2821 7,
594 2779 628 2821 1,
652 2776 710 2813 40.
738 2787 830 2822 quae
854 2775 1038 2821 (partitio)
1059 2775 1172 2824 fugiet
1195 2774 1402 2812 memoriam
1424 2773 1551 2818 judicis
1574 2775 1610 2817 4,
