1728 3002
554 277 765 336 Egredior
796 299 842 307 ·-—
878 275 1019 331 Ejieio
1467 281 1550 322 2⁷5

60 400 94 440 1,
114 395 173 432 94.
197 405 278 443 ego,
301 393 333 429 si
354 393 530 438 prandere
551 393 653 436 volo,
677 392 821 426 domum
848 401 893 425 eo
915 390 951 433 6,
975 391 1011 434 3,
1033 389 1094 424 63.
1117 389 1163 423 Et
1189 389 1273 424 ille
1301 389 1446 435 quidem
1470 402 1546 426 non

57 442 115 476 his
141 441 317 486 exemplis
339 440 527 483 utitur—3
552 449 636 487 ego
660 437 838 482 apertiora
862 435 967 482 posui
986 436 1023 479 5,
1039 438 1095 478 10,
1110 435 1176 478 64,
1205 435 1238 470 si
1259 435 1546 483 dicenti,'0uem

58 488 191 524 vides?
234 488 284 522 ita
309 497 496 530 occurras,
524 486 612 533 Ego.
636 483 900 528 (soloecis-mus)
924 486 956 526 1,
983 482 1100 525 5‚.36.
1150 482 1192 526 h)
1220 495 1248 516 σ.
1286 485 1545 528 Οοη]“ιιηι-ιίοηῖὸ.

55 535 229 579 junctum.-
262 543 348 580 ego
372 543 487 568 vero
510 549 556 556 —-·
579 532 690 566 credo
712 532 748 574 8,
775 531 809 574 5,
834 528 890 564 34.
918 528 963 570 cs.
990 529 1026 572 4,
1047 531 1083 572 2,
1112 529 1193 564 116.
1221 530 1255 570 5,
1279 532 1335 574 13,
1360 529 1416 565 48.
1445 531 1480 573 9,
1508 533 1544 575 2,

54 581 112 616 43.
136 590 223 627 ego
246 585 401 614 autem
423 578 596 613 confiteor
618 577 654 621 4,
680 579 715 620 3,
743 575 778 610 4.
814 575 874 611 At
910 585 1000 623 ego
1022 574 1061 608 in
1083 575 1223 622 agendo
1248 585 1373 610 nec—
1391 575 1546 612 dixerim

56 633 118 660 eto.
141 627 176 669 8,
200 625 316 668 6,’18.
350 630 391 659 ut
425 635 505 673 ego
543 623 727 669 quidem
760 622 875 658 sentio
910 623 945 665 9,
972 620 1008 664 4,
1031 621 1090 656 18.
1117 632 1207 666 quos
1246 631 1328 668 ego
1361 621 1546 667 quidem

56 670 226 707 audierim
252 674 318 715 12,
343 673 389 718 5,
412 671 446 706 5.
479 681 501 704 a
532 671 658 715 quibus
691 679 773 716 ego
813 667 1000 714 quidem
1033 666 1204 702 dissentio
1227 669 1315 712 (Sp.
1346 679 1368 702 a
1391 681 1426 714 q.
1454 670 1545 704 haec

57 716 156 763 quid.
182 716 398 752 dissonantia
434 715 544 760 sunt)
577 718 612 759 8,
635 717 670 758 6,
695 717 741 752 36
770 719 814 750 Ζ.
847 725 935 762 ego
959 718 1095 748 certe
1126 725 1276 748 cernere
1301 714 1389 748 mihi
1416 714 1546 750 videor

58 765 95 807 8,
117 766 152 807 3,
176 764 234 799 65.
259 762 421 799 v.Cert
434 774 466 797 e.
492 763 600 808 idque
629 772 713 809 ego
737 763 796 804 (a.
833 764 855 796 1.
882 759 946 804 eo)
974 771 991 794 s
1008 770 1100 794 ane
1122 759 1355 802 injudicatum
1377 761 1545 806 relinquo

58 811 132 853 10,
155 812 199 853 1,
221 809 281 845 67.
330 808 383 855 β)
411 811 518 843 Casus
541 812 684 853 obliqui.-
718 806 845 850 mihi,
880 813 918 841 et
949 807 1083 840 mehe
1117 817 1262 850 quoque
1287 817 1353 850 pro
1386 818 1452 842 me
1486 819 1542 852 ap.

53 856 219 900 antiquos
240 874 288 881 —
311 853 515 890 invenimus
539 857 573 898 1,
598 857 634 898 5,
657 856 718 894 21;
743 852 814 888 mei
840 852 1099 887 amantissimos
1120 851 1178 885 Pr.
1203 854 1251 893 33
1292 853 1430 896 Sunt,
1467 854 1544 898 qui

53 921 102 935 -.—
122 907 259 937 vocent
276 919 334 935 —.
350 901 470 935 Mihi
487 920 535 928 -—
551 900 810 944 videntur6,1‚
828 900 885 934 55.
907 898 1023 933 mihi
1047 897 1235 943 quidem
1257 898 1341 932 satis
1369 905 1463 936 esset
1487 902 1544 943 10,

54 949 99 991 2,
121 947 180 982 25.
214 945 330 981 mihi
359 952 484 982 certe
514 947 660 982 videtur
686 948 742 988 10,
770 947 806 988 3,
831 947 888 979 23.
925 944 985 986 csk
1009 945 1045 987 9,
1068 942 1104 986 4,
1130 942 1208 978 134.
1244 944 1358 978 mihi
1390 951 1545 979 autem

53 993 199 1029 uidetur
219 995 255 1036 2,
284 993 341 1034 18,
365 995 410 1035 33
435 995 583 1026 Dativus
608 994 751 1026 ethicus.-
791 1003 873 1025 cum
894 990 1046 1026 virtutes
1072 1001 1195 1024 earum
1219 990 1452 1033 (orationum)
1474 992 1545 1035 jam

54 1039 185 1075 sentiet
215 1036 358 1082 (puer),
380 1043 457 1072 tum
483 1038 593 1072 mihi
617 1037 767 1085 diligens
792 1036 920 1081 aliquis
949 1048 991 1071 ac
1018 1036 1154 1080 peritus
1177 1035 1317 1070 assistat
1344 1039 1378 1076 1,
1404 1040 1461 1080 11,
1487 1038 1542 1072 14.

54 1084 241 1119 mihi‘ne
266 1083 450 1118 maturitas
473 1084 615 1128 quidem
637 1083 715 1128 ipsa
737 1083 884 1117 festinet
905 1085 941 1125 2,
966 1081 1004 1126 4,
1031 1083 1070 1118 9.
1097 1082 1183 1117 hinc
1204 1082 1319 1119 mihi
1350 1082 1414 1117 ille
1441 1083 1545 1127 justi-

53 1129 127 1166 tiae
151 1132 298 1165 haustus
326 1129 425 1164 bibat
457 1132 515 1173 12,
539 1133 575 1174 2,
603 1132 669 1173 313
712 1130 830 1174 pudor
851 1128 1059 1171 omittendi,
1090 1139 1183 1173 quae
1204 1128 1457 1172 promiseram,
1487 1135 1544 1164 te-

52 1175 133 1211 nuit
161 1174 237 1220 (sa.
259 1175 345 1216 me)
368 1178 426 1218 12,
452 1176 511 1209 Pr.
538 1179 571 1209 1.
621 1177 819 1217 11)P1ur..·
853 1176 899 1209 de
925 1185 998 1219 quo
1020 1184 1107 1208 nos
1136 1173 1177 1208 in
1202 1175 1420 1220 argumentis
1447 1174 1544 1210 dixi-

54 1233 135 1257 mu·
160 1223 197 1266 9,
217 1224 255 1265 2,
282 1222 368 1262 103.,
400 1219 446 1262 qr.
483 1222 518 1263 9,
541 1224 577 1264 2,
603 1223 681 1256 107.
710 1222 746 1263 9,
769 1222 805 1264 3,
828 1221 887 1256 91.
921 1222 957 1264 9,
981 1221 1016 1264 4,
1042 1221 1099 1255 15.
1134 1222 1191 1262 10,
1218 1222 1251 1262 1,
1274 1219 1309 1254 4.
1343 1223 1412 1264 11,
1443 1225 1481 1264 1,
1506 1223 1542 1257 5.

54 1271 112 1311 11,
134 1270 173 1311 2,
195 1267 336 1309 26.’12,
359 1268 394 1310 1,
420 1269 455 1300 1.
486 1267 562 1301 Nos
588 1268 634 1301 ad
657 1268 924 1314 Hermagoran.
949 1266 1013 1308 (sc.
1050 1266 1410 1311 convertamur).
1443 1270 1479 1310 3,
1506 1268 1543 1310 6,

51 1314 100 1351 60
120 1315 169 1349 Ν.
195 1312 367 1348 Graeci
390 1319 524 1348 vocant
549 1309 786 1358 παράδειγμα
804 1331 859 1348 -.
879 1311 1042 1348 Nostri
1072 1312 1150 1347 fere
1179 1311 1447 1348 similitudinem
1471 1324 1542 1349 vo-

0 1380 14 1397 ..
49 1370 137 1395 care
158 1359 363 1398 maluerunt
386 1375 430 1383 -
454 1359 545 1393 Nos
574 1365 765 1403 utrumque
798 1356 1030 1405 παράδειγμα
1061 1369 1143 1393 esse
1173 1359 1377 1403 credamus,
1415 1366 1452 1394 et
1473 1359 1542 1404 ipsi

0 1425 34 1444 ,ι
223 1415 267 1439 us
289 1405 494 1449 exemplum
517 1406 563 1448 5,
591 1408 655 1448 11,
685 1408 720 1439 2.
750 1414 818 1439 nos
850 1415 939 1440 vero
977 1405 1024 1449 (ἱ.
1051 1417 1078 1438 e.
1119 1407 1355 1447 oratores)
1386 1412 1541 1440 armatos

0 1468 13 1487 ra
50 1457 146 1494 stare
174 1453 232 1494 10,
256 1454 292 1494 1,
322 1451 400 1493 29.;
435 1454 520 1486 Dat.
547 1452 665 1485 ethim.-
700 1452 771 1486 Sed
795 1451 900 1485 nobis
922 1452 993 1494 jam
1015 1451 1183 1495 paulatim
1213 1461 1421 1486 accrescere
1452 1463 1543 1496 puer

14 1517 26 1542 ι,
49 1496 198 1542 incipiat
222 1500 256 1539 1,
279 1499 373 1541 2,1;
397 1497 648 1532 nobiscum
667 1500 724 1541 10,
749 1499 783 1540 5,
809 1501 843 1532 7.
866 1497 936 1542 ipsi
959 1502 1143 1532 nosmet
1165 1507 1334 1545 rogamus
1359 1499 1395 1541 9,
1419 1501 1455 1542 2,
1483 1501 1540 1534 11.

25 1578 28 1582 ,
52 1556 88 1578 v.
111 1545 128 1576 1
170 1554 230 1578 se.
393 1561 398 1563 Δ

5 1594 30 1619 ἵ“
51 1608 65 1641 ε,
96 1551 228 1630 etiior·
292 1602 449 1643 proprie.-
477 1599 554 1634 vidi
579 1609 647 1646 ego
671 1610 778 1643 saepe
800 1597 993 1633 histriones
1024 1605 1093 1643 atq.
1125 1599 1321 1634 comoedos
1344 1618 1383 1625 —-
1412 1599 1540 1636 flentes

22 1646 168 1687 :Adhuc
193 1645 316 1694 egredi
337 1646 374 1688 6,
396 1648 432 1688 2,
458 1647 516 1681 35.
535 1646 620 1679 dum
646 1656 667 1679 e
690 1651 798 1690 portu
820 1656 841 1680 e
884 1644 1024 1680 edimur
1048 1647 1102 1687 10,
1127 1648 1162 1688 7,
1187 1648 1244 1680 23.
1268 1650 1411 1690 portum
1434 1657 1540 1693 egre-

20 1692 147 1743 :³¹³¹oe
171 1690 301 1738 (mis)
323 1689 360 1734 4,
386 1693 421 1734 1,
443 1691 502 1726 61.
528 1691 605 1726 vix·
627 1701 672 1725 eo
695 1691 806 1726 limen
864 1705 898 1725 a.
924 1696 947 1725 1.
976 1695 1073 1726 inser.
1101 1690 1224 1735 ultra)
1251 1702 1397 1739 egresso
1423 1695 1481 1735 11,
1502 1697 1539 1736 2,

51 1737 169 1784 taff.
190 1750 239 1772 cr.
288 1735 340 1780 11)
365 1742 502 1771 transl..·
527 1737 678 1781 juvenes
701 1738 862 1772 nondum
883 1738 1044 1772 scholam
1067 1738 1203 1785 egressi
1227 1736 1283 1780 (a.
1310 1742 1332 1772 1.
1360 1749 1457 1785 aggr.
1491 1744 1536 1774 al.

20 1780 28 1790 ’
49 1783 142 1831 ingr.
167 1782 202 1827 5,
227 1785 286 1825 10,
304 1782 362 1818 96.
386 1784 435 1816 N.
457 1796 504 1817 cr.
530 1782 692 1828 quintum
717 1795 882 1818 euressus
905 1795 1039 1818 annum
1060 1784 1095 1827 6,
1120 1785 1177 1817 Pr.
1205 1783 1239 1818 6.
1266 1782 1370 1828 copia
1394 1786 1539 1819 modum

37 1827 312 1916 {sees
330 1828 469 1907 ss.
493 1828 536 1884 fs·
713 1813 800 1909 {⁶-
1002 1829 1261 1909 .-.svm
1286 1829 1410 1909 22³⁶ss
1439 1834 1472 1874 1‘
1495 1835 1539 1910 ει

27 1908 31 1920 ’
50 1899 145 1964 jecta
189 1917 199 1926 ⁵
270 1962 278 1969 .
357 1887 515 1960 rerum?
534 1886 1428 1973 guialigimssrenissaggfflisnnoiiugiptiggiluis
1444 1887 1537 1965 4⁸:¹3,

52 1966 108 2001 15.
146 1972 305 2010 egressio
342 1981 383 1987 —
419 1970 667 1997 ornamentum
691 1971 846 2009 parumn
868 1972 922 2000 est
947 1977 1087 2010 earum,
1121 1978 1175 2000 ex
1206 1967 1334 2012 quibus
1358 1968 1540 2013 egreditur

51 2014 96 2055 3,
132 2011 177 2053 9,
211 2008 246 2043 4.
281 2005 343 2051 [ut
371 2018 415 2042 eo
461 2014 710 2052 revertar,
750 2013 847 2045 unde
879 2022 957 2045 sum
990 2006 1213 2058 egressus
1255 2015 1296 2055 2,
1329 2011 1374 2055 4,
1414 2014 1469 2048 15.
1500 2026 1535 2047 v.

50 2051 347 2103 Digredior.]
859 2080 861 2085 ,

19 2108 67 2155 5·-
98 2102 207 2157 egie-
232 2117 291 2130 -’-·
318 2108 454 2143 dixisse
477 2109 513 2153 6,
549 2113 582 2152 1,
608 2107 663 2144 14.
700 2112 756 2153 10,
790 2113 825 2153 1,
857 2113 935 2145 102.
976 2111 1190 2157 egregieque
1219 2110 1371 2155 Cicero,
1405 2113 1466 2157 qui
1491 2132 1537 2138 —
1594 2134 1599 2142 ·

28 2157 162 2199 1multa
181 2155 274 2191 dixit
301 2155 438 2190 urbane
460 2155 495 2198 6,
521 2158 553 2194 1,
575 2153 632 2190 49.
671 2155 814 2203 egregie
840 2156 1006 2191 Vatinius
1036 2156 1074 2190 in
1099 2155 1250 2191 calvum
1275 2176 1320 2182 —
1343 2158 1460 2203 inquit
1489 2162 1534 2194 ib.

37 2198 75 2249 ‘f'
98 2229 108 2237 .
133 2201 179 2245 ogs.
203 2204 247 2236 ib.
271 2199 318 2235 43
334 2211 410 2248 egr.
434 2200 508 2236 Cic.
525 2200 679 2235 ostendit
706 2200 741 2244 4,
764 2203 799 2245 5,
819 2202 875 2237 15.
895 2214 999 2247 quam
1020 2201 1194 2246 (has-toriae
1219 2206 1467 2250 auctoritatem)
1488 2224 1536 2233 —

39 2273 46 2280 ,
83 2259 180 2284 assus
207 2246 369 2282 Aufidius
397 2258 472 2294 egr.
497 2247 671 2292 praestitit
701 2249 758 2289 10,
788 2250 824 2290 1,
852 2250 932 2283 103.
968 2249 1065 2293 quod
1089 2254 1144 2282 est
1165 2258 1278 2294 genus
1303 2260 1377 2296 egr.
1402 2256 1535 2286 tracta-

49 2335 52 2338 *
86 2333 97 2344 =
151 2305 174 2329 a
199 2293 371 2328 Passieno
401 2293 437 2336 6,
463 2295 497 2336 1,
522 2295 579 2332 50.
611 2305 680 2338 qua
704 2293 839 2328 virtute
864 2305 940 2341 egr.
970 2299 1025 2328 est
1045 2305 1133 2328 usus
1157 2294 1330 2340 Virgilius
1353 2297 1391 2340 8,
1417 2295 1453 2341 4,
1475 2299 1534 2333 24.

46 2347 231 2404 figitis.
297 2360 521 2408 egregius
556 2363 761 2408 multoque,
795 2374 900 2408 quam
930 2361 970 2396 in
1001 2360 1244 2405 orationibus,
1285 2371 1534 2408 praestan-

0 2463 6 2473 ‚
53 2447 318 2516 egi-‚iaudatio
355 2451 391 2494 8,
425 2453 462 2496 2,
487 2454 543 2488 18.
571 2465 663 2499 quae
687 2461 770 2490 sunt
793 2453 959 2502 egregiae
987 2452 1129 2488 dicendi
1152 2452 1303 2489 virtutes
1329 2458 1386 2500 11,
1411 2459 1446 2500 1,
1472 2455 1531 2491 48.

47 2534 66 2557 ⁷,
84 2519 225 2569 >381&
280 2528 446 2566 egressus
469 2522 532 2557 vel
553 2523 711 2569 egressio
736 2522 772 2566 4,
800 2525 836 2567 3,
863 2525 921 2556 12.
948 2522 1004 2557 15.
1028 2534 1062 2555 v.
1079 2522 1327 2556 Excessus.
1352 2523 1532 2570 egressio-

5 2574 11 2611 ,g
51 2574 118 2598 nes
144 2563 225 2598 {ere
254 2569 292 2598 et
323 2565 424 2600 lenes
456 2573 494 2601 et
521 2568 642 2602 dulces
664 2575 700 2603 et
721 2568 890 2604 remissae
915 2570 970 2611 11,
994 2569 1030 2610 3,
1055 2566 1136 2603 164.
1158 2567 1296 2603 medius
1320 2568 1381 2603 hic
1404 2570 1532 2603 modus

13 2626 17 2658 ᾖ
53 2608 219 2652 (asanaa)
240 2628 288 2636 —
310 2610 572 2664 egressionibus
594 2615 752 2650 amoenis
775 2615 828 2659 (a.
852 2619 876 2650 1.
900 2611 1082 2656 amoenus)
1106 2615 1164 2658 12,
1190 2617 1247 2658 10,
1259 2614 1317 2650 60.
1341 2625 1417 2649 non
1439 2625 1532 2649 unus

15 2697 18 2703 ‚
71 2672 87 2684 -=
119 2672 125 2685 ι
175 2665 369 2709 prooemn,
395 2659 619 2703 narrationis,
654 2667 954 2708 argumentorum,
989 2659 1203 2706 egressionis
1239 2667 1302 2694 ew.
1330 2661 1532 2697 servabitur

14 2719 20 2755 4
52 2709 73 2751 ,ζ
119 2703 180 2737 71.
195 2712 242 2737 ,ιιι
267 2703 530 2749 egressionibus
552 2705 605 2750 (a.
634 2710 658 2740 1.
685 2706 857 2755 ingress.)
889 2706 970 2740 fusa
993 2712 1031 2740 et
1052 2717 1202 2741 securae
1218 2705 1389 2741 claritatis
1413 2706 1529 2751 (vox)

19 2794 21 2800 Ι
62 2789 71 2802 ξ
98 2748 171 2790 ,·3‚
193 2746 253 2782 64.
275 2749 335 2783 De
361 2751 568 2797 egressione
595 2750 621 2786 4
642 2751 728 2798 cap.
751 2755 787 2788 3.
1072 2756 1075 2757 ’

22 2846 24 2855 J
131 2810 159 2829 ῑῑ
179 2810 210 2829 ¹1³
269 2816 303 2839 v.
327 2806 570 2854 Egressio..
604 2826 606 2831 ·

52 2859 82 2889 {¹¹
121 2862 162 2890 ⁰·
208 2861 324 2906 ejecto
344 2865 483 2900 vomitu
509 2868 565 2909 11,
590 2867 624 2908 3,
646 2868 704 2901 27.
731 2864 856 2900 brevia
877 2864 939 2898 illa
959 2869 1064 2910 atque
1087 2863 1230 2899 concisa
1265 2863 1529 2912 singultantium

1087 2928 1175 2967 18*

3 2444 6 2451 ᾗ
53 2403 156 2450 tior
185 2403 317 2438 Brutus
350 2408 417 2448 10,
440 2409 480 2451 1,
505 2410 582 2443 123.
615 2429 662 2435 —-
693 2409 863 2446 vitiorum
896 2409 1091 2442 insectator
1122 2409 1164 2441 ib.
1196 2408 1276 2444 129.
1310 2409 1373 2444 illa
1395 2410 1533 2445 scilicet
1600 2410 1607 2415 “
