1728 3002
195 160 245 197 12
727 150 951 193 Accusatio
981 171 1035 182 --
1064 150 1175 192 Acer

192 256 436 300 Accusatio·
467 267 506 302 in
530 265 754 302 accusaaone
780 266 821 308 9,
844 264 886 307 4,
914 266 990 301 138,
1025 263 1070 307 cf.
1092 263 1133 307 6,
1159 265 1202 306 3,
1228 260 1286 298 44.
1310 258 1348 311 7,
1378 264 1419 312 1,
1443 263 1479 299 Β.
1507 261 1544 296 in
1568 273 1712 297 accusa-

234 314 369 348 tionem
400 313 569 347 orationis
599 318 744 347 utuntur
767 310 903 347 viribus
934 314 978 354 2,
1009 309 1074 352 16,
1097 312 1130 345 1..
1166 309 1204 347 tn
1230 318 1302 354 quo
1328 307 1418 342 citra
1450 308 1725 343 accusationem<

236 359 416 403 quaeritur
437 362 473 403 7,
497 362 538 403 2,
560 359 619 394 26.
650 357 828 392 accusatio
852 362 972 390 mutua
998 358 1034 397 3,
1059 357 1095 400 6,
1129 355 1185 390 75.
1223 356 1258 401 3,
1282 355 1341 397 10,
1365 351 1417 397 4.,
1433 357 1473 398 7,
1497 356 1515 388 1
1553 356 1575 389 3
1599 355 1646 388 N.
1673 358 1717 394 7.-

235 408 273 447 2,
299 407 334 439 9.
359 416 431 438 acc.
449 404 688 438 concertativa
708 407 742 444 7,
765 406 799 446 2,
822 404 855 451 9.
877 402 966 447 petit
992 401 1250 437 accusationem
1275 398 1315 434 in
1336 378 1547 443 νεα-81115,
1572 402 1629 444 13,
1654 402 1713 434 18.

236 450 457 484 substituitur
483 461 601 484 accus.
627 453 662 492 7,
686 453 720 492 2,
745 450 781 486 9.
818 448 1071 484 accusationib.
1101 452 1138 482 et
1162 445 1360 481 mediocres
1389 443 1605 490 indicando
1637 446 1714 480 suf-

206 533 210 537 ,
235 497 398 530 fecerunt
426 496 468 540 5,
493 498 556 540 13,
588 498 622 531 3.
659 505 864 529 communes
898 493 969 528 loci
995 511 1041 521 -
1075 492 1106 528 si
1138 503 1240 527 reum
1263 490 1712 539 ¹adjicias,1sict-›tiuastionea

235 548 319 576 sunt
340 545 374 584 2,
395 540 432 584 4,
458 544 515 575 22.
547 540 672 576 crediti
703 546 783 574 sunt
814 539 920 574 etiam
943 538 1030 574 clari
1051 539 1201 582 juvenes
1224 537 1386 572 obsidem
1410 536 1502 585 reip,
1523 533 1610 579 dare
1623 547 1712 581 ³:rna-

235 588 352 622 lorum
383 586 516 622 civium
547 586 807 621 accusationem
839 588 893 628 12,
921 588 957 628 7,
984 587 1019 621 3.
1052 585 1090 618 in
1118 584 1281 619 omnibus
1307 582 1425 618 statim
1453 586 1619 629 accunt),
1635 584 1712 626 en-

238 634 342 675 dum,
373 643 420 667 ne
443 634 490 666 ad
519 643 578 667 eas
606 633 756 666 libenter
780 629 1006 666 descendisse
1029 630 1213 666 videamur
1235 631 1293 670 11,
1316 631 1349 672 1,
1373 629 1430 665 57.
1467 636 1538 665 con
1612 630 1714 664 mae-

237 677 482 713 cusatione
507 684 542 712 et
571 677 848 712 defensione
879 688 986 712 causa
1010 676 1086 722 ejus
1109 677 1193 722 (Sp.
1219 673 1391 721 causae),
1425 675 1602 725 quodlest
1621 672 1728 723 fudi-

238 723 383 759 cialium-
406 723 587 767 proprium
609 726 643 766 3,
671 725 706 767 8,
732 723 776 758 55
801 727 846 758 Ζ.
1260 738 1263 746 =

190 769 502 862 Afeltlssativssflb
524 779 796 861 assousativi
827 778 1067 827 geminatione
1092 778 1187 815 facta
1216 776 1430 826 amphibolia
1458 775 1611 814 solvitur
1638 775 1717 818 abq-

260 837 279 859 a
314 836 394 860 1vo
445 851 456 870 ,
504 851 515 868 ,
589 850 599 860 .
1708 835 1716 839 ’

188 868 432 911 Accusator·
470 889 678 917 accusatores
706 889 780 916 eunt
811 884 1014 927 publicorum
1040 882 1241 928 judiciorum
1263 881 1299 923 6,
1323 883 1358 927 1,
1384 880 1431 917 36
1455 879 1503 917 Ν.
1533 878 1611 924 eius
1635 887 1714 912 acc·

233 928 275 970 6,
299 929 340 969 3,
367 930 423 962 72.
456 928 520 961 sub
555 927 710 963 extrario
740 930 794 968 (a.
819 933 841 963 1.
867 927 1064 972 extraneo)
1100 933 1307 964 accusatore
1343 931 1381 964 et
1412 925 1555 973 legibus,
1585 927 1715 970 agento

233 986 311 1016 opp.
334 972 371 1005 in
397 973 597 1007 domesticis
625 973 936 1018 disceptationibus
958 977 995 1018 7,
1017 973 1054 1018 4,
1079 976 1103 1011 9
1138 972 1356 1011 accusatoris
1380 981 1515 1006 nornen
1532 969 1596 1013 012,
1615 972 1652 1012 7,
1679 970 1714 1003 1.

234 1019 279 1052 de
307 1019 383 1062 jure
417 1029 534 1052 accus.
556 1022 592 1062 7,
616 1018 637 1053 5
651 1044 661 1060 ,
684 1021 717 1051 2.
752 1021 796 1054 de
825 1019 1030 1055 accusatore
1062 1019 1101 1054 in
1122 1021 1278 1055 Verrem
1302 1017 1552 1055 constituendo
1589 1016 1654 1059 11,
1677 1016 1715 1057 1,

232 1067 288 1097 20.
325 1064 369 1097 de
399 1074 516 1097 accus.
545 1063 816 1108 constituendo,
857 1077 947 1108 quae
974 1065 1104 1110 judicia
1136 1065 1375 1100 divinationes
1404 1067 1583 1100 vocantur
1607 1064 1647 1114 7,
1675 1058 1715 1103 4,

234 1110 291 1143 33.
315 1108 359 1150 cs.
384 1111 419 1152 3,
439 1111 495 1152 10,
519 1111 552 1143 3.
576 1109 714 1153 saepius
737 1111 935 1144 accusatori
959 1122 1155 1158 congerere
1175 1116 1381 1158 argumenta
1405 1108 1576 1154 expediet
1595 1106 1632 1152 5,
1655 1107 1715 1149 13,

236 1154 292 1188 15.
316 1153 512 1188 accusatori
534 1154 646 1188 nihilo
668 1156 771 1199 plura
795 1155 964 1190 intuenda
993 1162 1092 1199 sunt,
1121 1167 1228 1199 quam
1250 1161 1290 1188 ut
1311 1156 1439 1199 probet
1459 1155 1596 1188 factum
1617 1161 1713 1195 esse,

234 1200 306 1233 hoc
329 1210 407 1234 esse
430 1201 586 1244 sactum,
611 1210 685 1234 non
709 1207 808 1236 recte
833 1202 989 1244 factum,
1010 1201 1088 1245 jure
1116 1213 1156 1236 se
1178 1201 1364 1235 intendere
1390 1202 1426 1242 3,
1445 1200 1482 1243 6,
1505 1199 1562 1234 85.
1594 1197 1713 1243 (acob-

235 1245 357 1289 satori)
390 1245 569 1280 concitare
603 1245 739 1289 judices
770 1246 939 1282 convenit
970 1247 1006 1290 6,
1033 1249 1066 1289 1,
1094 1247 1127 1281 9.
1160 1251 1195 1281 et
1222 1251 1407 1280 accusator
1436 1245 1544 1279 habet
1571 1242 1720 1278 interint

233 1290 399 1324 lacrimas
435 1293 479 1325 ib.
517 1297 699 1326 accusator
723 1292 948 1336 tyrannidem
975 1291 1171 1327 affectantis
1201 1297 1322 1336 optet,
1359 1292 1457 1336 quod
1483 1291 1586 1326 ‘volet
1611 1290 1647 1333 9,
1677 1291 1718 1336 2,

234 1337 295 1389 83..
325 1347 393 1370 nec
423 1343 748 1372 accusatorem
776 1335 890 1372 atroci
922 1338 960 1372 in
989 1349 1114 1380 causa,
1142 1348 1210 1372 nec
1233 1342 1481 1383 patronum
1503 1336 1544 1371 in
1565 1334 1715 1370 misera-

234 1381 298 1414 bili
326 1381 502 1425 jocantem
530 1383 622 1417 feret
650 1383 837 1428 quisquam
858 1385 894 1427 6,
917 1386 952 1428 3,
976 1386 1018 1419 31
1044 1396 1078 1420 v.
1098 1385 1340 1419 Patronus.

189 1435 504 1479 Accusatorius·
531 1450 786 1485 accusatoriam
798 1451 909 1487 vitam
921 1450 1048 1488 vivere
1062 1450 1265 1497 proximum
1277 1437 1466 1485 latrocinio
1481 1454 1536 1486 est
1556 1449 1616 1493 12,
1626 1444 1665 1492 7,
1674 1449 1713 1486 3.

191 1502 373 1546 Αο01180·
405 1528 570 1552 accusare
593 1519 709 1562 palam
734 1519 767 1559 6.
789 1520 823 1561 3,
845 1520 901 1553 28.
930 1518 991 1563 qui
1015 1538 1060 1546 —-
1087 1524 1318 1559 accusent
1348 1517 1466 1563 aliqua
1487 1515 1532 1552 ac
1558 1515 1715 1551 defen-

236 1562 348 1595 dant
375 1563 410 1606 3,
442 1566 477 1606 2,
507 1562 541 1598 4.
569 1563 599 1597 si
633 1563 710 1608 quis
737 1564 1012 1600 decemviratum
1043 1571 1185 1600 accuset
1210 1565 1244 1609 5,
1269 1567 1327 1608 13,
1354 1565 1412 1600 35.
1447 1562 1609 1608 poscitur
1635 1567 1712 1596 tum

234 1613 375 1641 austera
407 1606 607 1653 (periodos)
641 1609 671 1643 si
702 1620 917 1655 accuses,
952 1616 1029 1645 tum
1056 1612 1137 1646 fusa
1167 1609 1197 1645 si
1223 1612 1384 1652 laudes
1408 1611 1445 1654 9,
1467 1602 1608 1650 45128‘.
1649 1606 1715 1650 ,AB

236 1658 335 1686 recte
358 1653 508 1688 Verrem
534 1661 759 1689 accusaturus
785 1655 829 1689 sit
853 1659 888 1696 7,
911 1659 947 1700 2,
975 1660 1010 1691 2.
1037 1662 1077 1690 ut
1101 1674 1145 1682 —
1169 1668 1243 1691 non
1265 1655 1375 1692 fuerit
1397 1655 1507 1691 atim
1527 1658 1714 1698 acm-satur-

235 1709 297 1750 rus
329 1698 362 1742 5,
390 1702 444 1741 12,
469 1702 534 1742 133
592 1712 682 1744 quae
713 1702 916 1746 zelotypum
950 1703 1064 1737 malae
1097 1702 1315 1739 tractationis
1345 1695 1489 1736 accusat
1519 1698 1560 1743 4,
1584 1697 1622 1742 2,
1651 1699 1710 1733 30.

236 1752 485 1796 cut-accusare
509 1746 706 1780 dementiae
728 1757 801 1780 non
823 1747 1035 1791 permittitur
1060 1751 1095 1792 7,
1124 1749 1159 1792 4,
1184 1750 1251 1793 263
1308 1747 1340 1782 si
1366 1745 1590 1783 accusabitur
1611 1744 1721 1779 theu«

237 1790 318 1822 trah
343 1791 425 1841 lege
450 1793 484 1833 3,
511 1792 545 1833 6,
571 1793 632 1835 193
686 1803 756 1835 quo
783 1799 968 1828 accusante
991 1806 1074 1828 reus
1098 1801 1174 1830 erat
1201 1794 1234 1836 5,
1259 1796 1316 1836 12,
1343 1796 1399 1829 10.
1422 1792 1462 1827 in
1485 1792 1602 1839 totum
1623 1799 1715 1833 ⁶9¹²-

235 1841 393 1880 gregatio
427 1836 613 1871 criminum
644 1845 941 1873 accusantem
972 1840 1134 1886 adjuvat,
1175 1838 1352 1884 separatio
1383 1837 1716 1873 defendentem

238 1883 273 1921 7,
302 1884 335 1924 1,
358 1883 414 1915 31.
445 1894 466 1915 a
491 1887 589 1926 parte
615 1884 809 1917 accusantis
833 1885 994 1920 defensio
1020 1892 1075 1920 est
1095 1890 1132 1931 7,
1154 1885 1191 1932 4,
1215 1884 1461 1922 38.'veneraf
1473 1883 1519 1918 ad
1543 1879 1717 1928 occinuit-‚-

237 1926 320 1958 dum
352 1929 406 1969 11,
434 1931 467 1970 1,
490 1928 549 1963 68.
576 1928 614 1962 in
638 1931 835 1965 accusando
863 1933 927 1974 10,
956 1934 998 1975 1,
1024 1931 1103 1967 115.

189 1979 316 2045 Acer:
353 1992 400 2045 ¹1)
421 1997 574 2039 proprie.-
607 1997 722 2031 acrior
751 2003 806 2032 est
836 1999 1022 2032 oculorlun
1051 2011 1156 2044 quam
1184 1998 1322 2039 aurium
1353 2007 1480 2032 sensns
1510 1997 1569 2039 11,
1589 1997 1612 2029 2
1634 1992 1724 2039 ‚34.'

235 2040 399 2091 acriorib.
427 2041 540 2074 oculis
562 2042 711 2077 intuenti
735 2045 770 2086 2,
795 2045 851 2085 10,
874 2045 908 2079 6.
937 2045 1039 2079 nobis
1064 2045 1220 2090 acriores
1243 2046 1289 2079 ad
1311 2043 1427 2078 studia
1450 2041 1595 2084 dicendi
1668 2082 1671 2083 ⁷
1696 2051 1715 2075 8

234 2084 431 2119 subdidisse
456 2089 490 2129 1,
514 2090 548 2128 2,
572 2088 617 2122 25
644 2090 692 2122 Ν.
717 2100 786 2122 acr.
810 2089 931 2123 tibiam
953 2094 1106 2126 Horat.
1134 2093 1169 2134 8,
1195 2095 1231 2134 2,
1257 2092 1282 2127 9
1306 2091 1352 2125 Ν.
1377 2099 1514 2124 acres
1538 2089 1587 2131 (8y
1654 2087 1715 2129 Μ)

234 2141 325 2173 quae
352 2142 398 2164 ex
428 2132 596 2166 brevibus
628 2135 672 2167 ad
698 2135 822 2181 longas
849 2135 1053 2183 insurgunt;
1086 2137 1318 2179 leniores,
1359 2143 1500 2180 quae-a
1527 2131 1714 2180 longis:‚in

234 2175 363 2226 breves
400 2177 620 2213 descendunt
658 2181 703 2223 9,
731 2179 773 2224 4,
810 2182 868 2216 92.
905 2193 1036 2218 ‘vocem
1073 2183 1231 2217 sermoni
1265 2181 1466 2227 proximam
1501 2178 1714 2218 §stum

235 2231 407 2272 acriorem
443 2226 497 2264 11,
523 2226 558 2266 3,
593 2226 670 2260 162.
703 2236 781 2261 vox
805 2227 980 2262 Demetrii
1007 2228 1279 2271 jucundior,
1319 2226 1416 2260 illius
1450 2223 1608 2261 acrior
1631 2223 1715 2269 'ei-„n

236 2266 281 2297 τὸ.
307 2268 382 2320 178.
451 2269 500 2310 11)
528 2275 644 2304 transl.
692 2270 734 2315 a)
758 2274 799 2305 de
824 2276 940 2307 rebus.-
978 2272 1016 2317 a)
1041 2285 1142 2308 acre
1168 2273 1290 2318 quidd.
1316 2277 1421 2316 atque
1448 2268 1718 2314 expeditum

239 2311 296 2351 ¹¹,
320 2309 453 2352 3,146.
487 2319 541 2347 est
569 2321 605 2348 et
638 2327 831 2350 amarum
859 2319 976 2362 quidd.
1002 2337 1047 2344 —
1077 2324 1114 2352 et
1144 2328 1276 2361 acre,
1308 2323 1347 2351 ut
1368 2317 1458 2350 illud
1479 2314 1600 2352 Crassi
1619 2315 1715 2358 8023,

238 2355 296 2388 89.
326 2366 406 2389 cum
435 2358 585 2410 debeant
612 2361 730 2395 acria
756 2373 918 2406 currere,
957 2362 1165 2398 delicata
1197 2363 1307 2396 fluere
1337 2364 1373 2406 9,
1395 2361 1431 2405 4,
1456 2363 1536 2398 139.
1565 2373 1601 2397 v.
1629 2359 1716 2398 Ab-

240 2400 412 2451 surdus.
446 2405 606 2437 melius
633 2411 736 2450 atque
764 2408 936 2451 acrius,
965 2409 1063 2452 quod
1085 2419 1166 2441 cum
1191 2408 1304 2454 figura
1326 2408 1520 2453 jucundum
1538 2411 1615 2451 est,
1636 2410 1714 2443 tum

239 2450 346 2477 ‹ztiam
371 2456 476 2497 sensu
502 2449 600 2482 valet
622 2463 699 2494 opp.
725 2453 989 2499 elegantius
1012 2454 1048 2495 9,
1072 2455 1104 2495 3,
1125 2456 1185 2488 71.
1216 2453 1261 2495 cs.
1287 2454 1323 2497 8,
1348 2455 1383 2496 5,
1408 2454 1442 2490 5.
1475 2452 1714 2494 ucrifissfl'et

240 2490 551 2543 elegantiora,
590 2505 678 2537 «piae
710 2498 894 2532 trahuntur
923 2507 971 2532 ex
995 2497 1035 2532 vi
1063 2508 1183 2531 rerum
1210 2500 1252 2543 6,
1280 2501 1323 2541 3,
1349 2500 1408 2536 57.
1464 2498 1501 2536 b)
1523 2510 1555 2536 θ.
1581 2498 1717 2535 Subura

237 2546 344 2587 acer
379 2541 448 2580 atq.
478 2543 649 2572 instans
683 2547 800 2584 gestus
834 2546 897 2583 11,
927 2545 973 2587 3,
1004 2544 1062 2577 92.
1095 2553 1176 2578 acre
1209 2544 1330 2588 (genus
1356 2540 1511 2587 dicendi)
1547 2544 1584 2584 2,
1612 2543 1650 2584 8,
1679 2540 1716 2575 4ο

238 2591 354 2613 acrius
377 2591 487 2625 genus
514 2581 738 2635 (schematum)
762 2587 798 2629 9,
822 2590 857 2630 3,
881 2589 939 2622 28.
967 2587 1083 2621 acrius
1109 2587 1303 2633 imperandi
1329 2599 1454 2637 genus,
1479 2585 1715 2631 (Menegere)

239 2627 275 2666 9,
300 2627 334 2668 2,
361 2627 415 2679 11.
448 2638 542 2661 acri
577 2633 611 2662 et
635 2630 891 2667 vehementi
921 2633 1082 2667 oratione
1111 2635 1132 2668 5
1175 2637 1229 2678 13,
1254 2636 1311 2674 25,
1346 2633 1502 2670 acrior
1526 2636 1563 2667 et
1583 2631 1716 2668 vehe-

239 2677 435 2706 mentior
464 2684 588 2706 σαυππε
617 2675 658 2717 (ι’.
684 2689 713 2708 e.
741 2676 978 2722 sententia)
1003 2677 1040 2720 4,
1065 2682 1098 2720 1,
1127 2658 1174 2713 64
1197 2682 1242 2715 Ν.
1273 2680 1399 2725 aliquis
1425 2689 1550 2713 sensus
1577 2677 1715 2714 vehe-

240 2726 359 2750 mens
390 2722 425 2751 et
455 2729 555 2753 acer
585 2721 619 2762 9,
649 2722 683 2763 3,
708 2723 764 2755 72.
795 2722 840 2763 cs.
863 2722 921 2759 74³
954 2725 1145 2759 sententias
1169 2736 1241 2760 sor.
1267 2729 1312 2762 ib.
1335 2726 1393 2762 76.
1429 2723 1605 2760 acriora
1629 2723 1716 2759 fauit
