1728 3002
157 207 279 242 Lvul
359 251 361 253 ι
772 201 1088 260 Prolegomena

157 318 281 384 (Sp.
316 320 508 382 essent)
549 317 885 384 judicialium
917 336 1218 378 causarum,
1267 335 1434 385 supra¹
1457 322 1561 370 dic
1573 330 1597 370 t
1609 339 1707 370 um

155 408 262 448 est.
310 414 367 463 9,
401 403 460 461 4,
490 400 555 463 87
589 400 752 448 miror
778 401 1006 465 fuisse
1036 416 1166 462 etc.,
1202 402 1352 466 quasi
1373 402 1512 451 ullus
1541 411 1711 452 esset

160 484 340 546 (pes),
386 498 530 547 quem
559 500 660 530 non
687 482 777 530 sit
803 499 997 531 necesse
1027 484 1083 531 in
1111 484 1342 532 oratione
1376 484 1709 550 deprehendi:

155 565 247 612 vel
268 572 342 611 ut
359 562 681 612 sententiam
704 578 952 630 regente:
983 583 1025 624 1,
1055 583 1070 611 ι
1084 580 1129 624 o,
1161 582 1220 628 17
1246 583 1391 631 quem
1411 567 1560 615 Plato
1581 566 1709 614 adeo

157 661 276 709 pro
290 645 437 693 bari
443 653 487 706 t,
523 654 587 694 ut
608 645 893 710 suppositos
915 646 1081 711 capiti
1101 646 1254 696 libros
1275 650 1419 714 ejus,
1447 665 1563 695 cum
1591 662 1705 694 mo-

158 745 267 774 rer
280 745 304 774 e
318 735 385 775 tu
398 744 451 786 r,
486 726 716 775 babuisse
747 727 971 776 credat
987 745 1081 776 ur.
1117 744 1194 791 12,
1223 747 1265 791 1,
1286 745 1352 793 29
1374 746 1465 776 nec
1483 744 1708 794 unquam

160 818 310 857 tanta
329 811 379 872 f
382 825 454 855 ue
468 809 566 857 rit
591 809 833 874 loquendi
839 809 1104 872 facultas,
1141 819 1205 859 ut
1226 828 1327 859 non
1357 809 1603 860 titubet
1632 815 1711 856 at-

156 906 251 954 que
281 888 516 937 haerea
533 899 579 951 t,
616 891 844 956 quotiens
877 904 979 942 etc,
1018 892 1076 953 8,
1107 907 1135 939 2
1150 930 1163 951 ,
1197 907 1225 938 2
1239 911 1255 940 1
1289 909 1404 956 per
1417 891 1624 955 casitq
1638 905 1711 937 ue

146 972 265 1036 jam
289 969 476 1017 multos
500 971 601 1018 ista
620 972 911 1034 persuasio,
947 981 1012 1020 ut
1028 972 1086 1019 id
1095 976 1213 1040 jam
1235 973 1436 1022 demu‘m
1453 973 1712 1036 eleganter

156 1060 310 1116 atque
335 1052 585 1116 exquisite
607 1053 802 1100 dictum
819 1071 855 1117 p
870 1072 906 1100 u
920 1062 1077 1113 tent,
1115 1055 1250 1120 quod
1267 1053 1713 1119 interpretandum

154 1133 236 1182 sit.
269 1148 315 1192 2,
337 1128 410 1195 ¹7>
425 1148 452 1179 2
486 1133 633 1193 Quod
650 1150 749 1181 nou
775 1144 1006 1184 oratores
1029 1144 1232 1183 tantum
1260 1137 1706 1193 vindicarunt,

155 1223 221 1263 ut
237 1214 424 1262 studiis
442 1215 641 1280 aliquid
663 1216 771 1264 suis
789 1218 1108 1281 praestitisse
1130 1235 1159 1264 z·
1173 1217 1238 1263 id
1245 1225 1479 1266 eantur
1500 1217 1572 1281 (v.
1583 1217 1708 1263 Not.

157 1294 313 1359 crin).
382 1297 498 1344 Nec
523 1298 718 1356 solum,
754 1298 872 1359 ubi,
909 1301 1368 1363 quemadmodum
1386 1297 1464 1344 his
1494 1297 1710 1344 duobus

152 1375 303 1438 lociS,
336 1384 401 1425 ut
419 1392 676 1427 eventum
697 1378 978 1445 signifieat,
1015 1382 1106 1426 sed
1130 1377 1290 1426 etiam
1308 1378 1403 1426 ubi
1423 1378 1710 1439 consilium

158 1472 213 1506 et
243 1456 408 1505 finem
421 1494 434 1518 ,
483 1473 652 1523 atque
686 1475 811 1524 post
842 1459 1167 1526 particulam
1211 1477 1300 1507 ne:
1343 1464 1376 1514 4
1389 1495 1402 1521 ,
1435 1475 1465 1507 2
1479 1497 1492 1521 ,
1529 1475 1620 1519 107
1651 1459 1716 1506 iu

152 1539 524 1604 partitionibus
546 1557 583 1604 p
597 1557 703 1587 rae
715 1558 742 1588 c
754 1559 779 1587 e
787 1560 824 1606 p
837 1543 893 1590 it
910 1543 1032 1607 (Sp.
1050 1541 1344 1607 praecipit)
1357 1578 1371 1601 ,
1400 1549 1465 1590 ut
1479 1541 1513 1588 h
1523 1559 1556 1588 a
1566 1540 1593 1587 b
1605 1552 1631 1588 e
1642 1547 1707 1588 at

156 1622 398 1669 narratio
424 1622 742 1673 suavitatem.
773 1622 841 1670 ib.
878 1623 971 1672 128
1005 1625 1099 1671 Est
1128 1631 1182 1671 et
1211 1622 1710 1688 quaedamrepetita

154 1703 396 1751 narratio
433 1731 493 1738 —
508 1721 526 1750 .·
560 1704 673 1750 ideo
707 1713 882 1752 autem
919 1721 1030 1768 rep
1042 1721 1109 1752 er
1121 1712 1206 1764 ta,
1252 1712 1319 1752 ut
1343 1731 1411 1741 —
1440 1704 1628 1768 fusius
1657 1710 1712 1750 et

157 1785 396 1833 ornatius
419 1800 501 1831 res
527 1785 744 1848 possit
769 1786 961 1850 exponi
983 1787 1064 1846 (v.
1086 1784 1309 1850 Suppl.)
1345 1782 1392 1845 5,
1426 1789 1502 1848 14,
1525 1771 1588 1830 2ὲ
1622 1783 1714 1849 qui

158 1884 316 1914 cura
333 1885 362 1912 1·
375 1866 453 1927 it,
497 1874 561 1913 ut
587 1867 689 1913 rim
724 1870 1012 1931 afferat,
1057 1874 1122 1914 ut
1153 1865 1333 1926 hostis,
1380 1865 1525 1914 debet
1552 1856 1709 1925 etiarit

156 1956 222 1995 ut
258 1946 414 1994 bostis
451 1947 661 2010 repelli,
717 1947 812 1994 ubi
852 1946 1192 2014 Spaldingius
1239 1959 1419 1994 tentat
1475 1945 1706 1994 scribere

158 2036 327 2076 curat.
370 2044 411 2089 1,
450 2044 490 2086 1,
526 2026 592 2082 54
624 2028 771 2075 Illud
797 2045 896 2074 non
923 2027 1203 2091 poenitebit
1223 2044 1510 2088 curasse,
1532 2051 1608 2097 1-
1635 2043 1708 2074 ne

158 2108 291 2155 banc
347 2125 554 2172 operam
604 2109 659 2156 in
707 2109 960 2157 vocabulis
1013 2108 1311 2171 vulgaribus
1357 2136 1424 2147 —
1468 2126 1505 2173 p
1517 2126 1543 2155 e
1555 2107 1675 2156 rda
1687 2115 1713 2155 t

160 2190 357 2251 (puer).
430 2188 506 2237 Cf.
533 2188 639 2249 Cic.
665 2191 779 2237 Cat.
808 2191 910 2248 IV,
946 2205 1000 2249 2,
1035 2194 1069 2243 4
1109 2190 1180 2238 Id
1206 2198 1301 2238 est
1329 2190 1562 2237 initum
1591 2204 1705 2234 con-

158 2269 356 2327 silium,
392 2278 477 2328 ut,
513 2271 803 2334 intetfectis
840 2269 1090 2329 omnibus,
1134 2287 1275 2317 nemo
1327 2286 1389 2316 ne
1430 2268 1502 2315 ad
1527 2267 1706 2332 {deplo-

159 2350 384 2399 randum
407 2350 605 2412 quidem
638 2351 948 2414 reipublicae
975 2366 1151 2396 nomen
1181 2339 1612 2413 relinquatur.
1639 2379 1704 2390 —

156 2432 231 2489 b)
274 2429 577 2476 perfecti
622 2428 1099 2495 Conjunctivi:
1161 2445 1249 2489 12,
1283 2444 1338 2491 9,
1376 2427 1434 2476 16
1476 2430 1601 2478 adeo
1645 2438 1711 2478 ut

155 2510 316 2575 paulo
361 2510 527 2557 minus
573 2511 791 2572 promtis
840 2512 994 2559 etiam
1031 2518 1213 2557 noceat
1250 2511 1615 2574 scripsisse,
1660 2511 1711 2559 si

160 2591 269 2638 alia
289 2607 352 2638 ex
374 2591 592 2649 diverso,
624 2607 774 2654 quam
805 2608 832 2637 o
843 2609 879 2655 p
893 2593 953 2638 iu
966 2609 998 2637 a
1011 2590 1067 2638 ti
1076 2593 1125 2653 f
1132 2608 1166 2637 u
1178 2607 1203 2636 e
1214 2608 1244 2636 r
1255 2591 1316 2636 in
1330 2599 1375 2649 t,
1412 2608 1440 2638 o
1452 2609 1479 2638 c
1491 2608 1562 2638 cu
1573 2608 1643 2638 rr
1655 2609 1703 2639 e-

161 2672 266 2720 rin
278 2680 309 2721 t.
348 2674 378 2719 8
391 2708 405 2732 ,
437 2674 521 2720 Pr.
552 2669 583 2716 ὅ
620 2671 755 2718 uude
786 2673 1076 2719 existiment
1104 2671 1449 2730 accidisse,
1486 2679 1570 2731 ut,
1617 2672 1709 2737 qui

163 2753 542 2816 diligentissimi
559 2753 764 2801 Artium
786 2753 1059 2817 scriptores
1091 2752 1467 2814 extiterint,
1503 2752 1564 2800 ab
1596 2753 1703 2800 elo-
