1728 3002
162 233 245 271 210
469 290 479 297 ἢ
679 223 906 282 Defungoi·
934 249 991 256 -
1019 224 1190 267 Deinde

217 345 254 390 1,
276 345 314 379 3.
359 340 413 387 11)
437 342 462 376 ἒ.
486 354 518 387 q.
543 342 733 375 detineo.-
762 350 940 375 marmora
962 340 1159 375 deformata
1182 338 1298 383 prima
1323 348 1430 374 manu
1452 338 1488 382 5,
1513 339 1571 379 11,
1597 337 1644 371 30
1657 335 1709 370 Ν.

216 392 287 436 jam
311 395 470 424 certos
493 399 536 422 ac
560 388 858 421 deformatos
882 386 980 432 (ven,
998 388 1076 421 edd.
1093 383 1300 430 defloratos)
1323 386 1462 422 fructus
1483 383 1520 428 6,
1544 385 1602 417 Pr.
1620 382 1644 418 9
1661 382 1708 415 Ν.

100 452 105 454 ’
172 447 411 503 Defungor·
458 457 501 490 ‹le
530 457 686 490 mortuis.-
728 453 859 488 dicitur
883 453 982 499 prius
1008 465 1088 490 esse
1113 454 1303 488 defunctus
1330 456 1373 496 5,
1397 453 1442 497 5,
1467 455 1502 489 2.
1528 450 1622 486 filius
1647 450 1711 483 de-

218 505 334 539 functi
357 504 392 548 5,
418 502 475 546 14,
500 505 556 538 15.
583 503 774 536 defunctos
797 501 957 536 excitare
984 499 1019 545 4,
1044 504 1079 544 1,
1104 502 1162 536 28.
1200 503 1258 545 12,
1282 502 1340 544 10,
1361 501 1420 535 61.

172 563 417 619 Degenero.
462 576 539 605 sata
562 571 669 605 coelo
693 575 860 614 terraque
885 570 1103 617 degenerant
1128 571 1186 613 12,
1211 571 1268 613 10,
1292 568 1349 604 19.

173 621 384 675 Degusto.
433 628 495 673 qui
516 627 638 662 literas
661 627 785 672 primis
808 626 917 661 labris
941 627 1136 675 degustarit
1157 630 1224 671 12,
1250 628 1296 670 2,
1318 624 1353 660 4.
1384 635 1454 660 nos
1478 633 1613 672 genera
1644 621 1712 656 ‹le-

224 682 480 725 gustamus,
511 685 586 709 non
610 674 844 708 bibliothecas
868 674 1133 708 excutimus
1160 675 1221 716 10,
1246 676 1286 716 1,
1312 670 1390 707 104.
1421 673 1474 707 de
1510 668 1714 704 nstanda

220 726 312 759 haec
336 719 546 766 prooemio,
574 731 648 754 non
672 721 995 755 consumenda
1020 719 1057 763 4,
1083 723 1116 763 1,
1141 718 1198 754 14.
1222 730 1294 753 una
1316 682 1503 762 (maier-5125
1526 715 1716 762 diligenter

222 766 710 849 effe1tbta5p1133proderit,
746 777 854 811 quam
885 767 1006 811 plures
1038 767 1287 801 inchoatae
1310 770 1347 800 et
1372 764 1474 811 quasi
1505 764 1717 809 degusta-

220 823 296 851 tae
373 839 384 857 ‚
441 840 452 858 ,
523 837 533 847 .

174 861 406 953 Dehogtogo
461 868 648 914 hortandi,
693 868 905 905 dehortandi
950 867 1105 915 (species
1141 881 1320 904 causarum
1353 880 1412 913 ap.
1451 859 1720 906 Anaximenem)

223 923 266 962 3,
329 943 341 961 ⁹
394 941 403 951 ·

177 965 409 1019 Deinceps·
459 971 494 1017 1)
519 976 621 1017 plura
648 975 790 1006 contin
802 984 851 1006 ιιο
880 973 1036 1007 ordine
1068 979 1263 1007 anneciens:
1299 969 1343 1016 ι)
1369 969 1527 1016 quinque
1548 966 1718 1011 deinceps

222 1017 426 1057 inventioni
444 1020 623 1053 dabuntur
639 1016 745 1063 (libri)
768 1020 826 1053 Pr.
842 1022 900 1053 22.
920 1020 976 1053 his
990 1019 1161 1063 inventis,
1177 1018 1388 1053 intuendum
1407 1015 1527 1051 deinc.
1566 1015 1721 1047 Herma-

225 1079 334 1117 gorae
361 1066 524 1108 videtur,
560 1065 645 1110 quid
672 1065 718 1099 sit
741 1064 923 1109 quaestio,
955 1066 1047 1100 ratio
1072 1073 1133 1100 etc.
1167 1067 1209 1108 3,
1239 1067 1305 1107 11,
1333 1067 1367 1099 1.
1414 1063 1521 1097 inde
1545 1057 1719 1103 παράση-

224 1128 303 1160 μοι,
326 1111 571 1155 murcianum,
608 1111 755 1145 deinc.
780 1111 965 1159 longiores
988 1112 1079 1146 fiunt
1101 1110 1352 1156 percussiones
1375 1108 1421 1152 9,
1446 1107 1490 1152 4,
1514 1109 1570 1142 51.
1599 1109 1720 1150 partes

226 1163 259 1194 d.
285 1160 381 1204 ipsas
405 1157 576 1200 repetitus
600 1158 692 1190 ordo
717 1158 910 1204 conjungat
935 1161 1000 1200 11,
1025 1161 1068 1200 2,
1093 1159 1148 1193 28.
1185 1157 1323 1199 deinc„
1356 1167 1403 1190 ne
1430 1153 1550 1190 omnia
1573 1161 1723 1186 enume-

224 1218 318 1248 rem,
341 1203 490 1238 infamia
514 1202 749 1247 judiciorum,
777 1204 982 1247 expectatio
1006 1204 1106 1250 vulgi
1129 1203 1165 1246 4,
1191 1206 1224 1247 1,
1247 1206 1291 1237 31
1312 1206 1355 1237 Ζ.
1403 1200 1454 1247 β)
1475 1206 1520 1235 -et
1543 1198 1660 1233 deinc.
1685 1197 1722 1239 9,

226 1255 262 1295 3,
287 1253 345 1287 39.
371 1256 407 1284 et
431 1251 465 1283 d.
492 1250 607 1283 adhuc
631 1250 743 1283 multa
768 1251 811 1282 ib.
829 1251 885 1284 38.
911 1255 947 1283 et
969 1250 1200 1294 insequentes
1226 1248 1341 1283 deinc.
1365 1246 1594 1292 periodos‘9‚
1609 1244 1645 1287 4,
1665 1242 1722 1277 14.

228 1297 370 1343 plurimi
396 1295 512 1329 deinc.
539 1298 575 1338 3,
599 1295 634 1338 6,
663 1293 721 1329 34.
749 1300 785 1329 et
808 1295 955 1339 adjectis
979 1297 1013 1329 d.
1041 1296 1118 1329 aliis
1141 1296 1184 1338 9,
1208 1295 1331 1337 2,·35.
1357 1295 1429 1327 duo
1457 1292 1571 1337 prima
1595 1289 1723 1331 verba,

229 1351 265 1379 et
287 1343 355 1378 tria
379 1341 563 1386 proxima,
601 1347 636 1375 et
662 1342 696 1375 d.
723 1341 796 1375 duo
821 1352 945 1375 rursus
968 1341 1012 1384 9,
1036 1341 1080 1385 4,
1103 1342 1159 1376 68.
1190 1340 1275 1386 quid
1298 1349 1443 1384 qnoque
1463 1340 1547 1372 loco
1569 1336 1724 1381 primum

231 1391 294 1433 sit,
320 1400 361 1423 ac
385 1389 600 1429 secundum,
632 1392 668 1421 et
701 1386 758 1432 (a.
786 1391 809 1421 1.
835 1388 898 1430 ac)
933 1387 1050 1422 deinc.
1075 1390 1133 1432 10,
1157 1389 1193 1430 7,
1217 1387 1251 1422 5.
1275 1386 1429 1431 primum
1453 1389 1508 1420 est
1529 1382 1664 1427 aliquid
1687 1385 1724 1415 el

229 1436 427 1470 secundum
454 1445 495 1467 ac
520 1435 553 1467 d.
579 1436 614 1475 7,
641 1435 698 1476 10,
723 1435 758 1468 5.
783 1445 876 1478 quae
899 1433 1012 1478 prima
1040 1439 1100 1467 aut
1122 1433 1279 1468 secunda
1304 1437 1365 1466 aut
1389 1432 1423 1464 d.
1446 1430 1630 1464 tractanda
1652 1427 1724 1462 sint

229 1486 297 1525 10,
322 1483 367 1524 5,
393 1483 426 1514 1.
461 1481 631 1523 docemus
655 1491 696 1513 ac
721 1479 836 1514 deinc.
867 1480 917 1524 (a.
945 1484 970 1514 l.
991 1482 1075 1514 haec
1099 1482 1209 1514 omnia
1232 1477 1312 1522 om.)
1336 1476 1544 1512 docebimus
1564 1477 1601 1520 6,
1630 1477 1665 1517 5,
1688 1476 1725 1508 2.

231 1531 276 1563 ΙΙ“-
303 1530 326 1562 ἰ.
353 1540 383 1572 q.
412 1527 592 1560 deinde:
618 1531 748 1570 quanta
771 1526 889 1560 deinc.
916 1525 954 1560 in
980 1526 1176 1562 dividendo
1198 1524 1388 1571 prudentia
1412 1526 1446 1568 2,
1470 1525 1506 1566 5,
1529 1523 1565 1557 8.
1588 1527 1629 1555 ut
1649 1521 1726 1554 Lu-

230 1574 334 1610 cilius
360 1571 535 1617 praecipit
560 1585 625 1615 ——3
661 1583 704 1606 ac
733 1571 850 1607 deinc.
874 1572 970 1608 idem
995 1574 1037 1617 1,
1060 1575 1105 1617 7,
1133 1573 1188 1609 15.
1224 1571 1368 1607 tertiam
1389 1570 1424 1606 d.
1451 1578 1643 1615 personam
1668 1566 1728 1602 in-

231 1623 317 1655 duat
344 1619 472 1664 judicis
503 1620 565 1662 12,
588 1618 632 1662 8,
658 1618 715 1654 15.
1723 1653 1728 1660 ι

186 1666 369 1711 Deinde·
418 1677 451 1708 in
475 1677 739 1710 continuatione.-
775 1674 817 1720 α)
847 1675 912 1721 Ep.
939 1677 985 1711 ad
1007 1675 1148 1721 Tryph.
1172 1677 1209 1712 2.
1243 1676 1286 1717 1,
1310 1676 1356 1717 2,
1380 1674 1417 1709 8·
1452 1672 1487 1715 5,
1512 1673 1570 1714 11,
1596 1672 1641 1704 12
1664 1676 1728 1703 (ω’

232 1724 276 1767 β)
309 1724 522 1768 peculiariter
548 1724 581 1755 in
619 1723 869 1765 reprehensione
902 1724 1069 1756 absurdae
1103 1723 1355 1766 consequentiae
1385 1725 1417 1753 ei
1451 1718 1728 1761 exprobratione.-

232 1772 350 1804 Mater
373 1779 476 1811 mea,
513 1778 604 1813 quae
627 1767 715 1802 mihi
737 1773 812 1803 tum
835 1769 1042 1811 carissima,
1076 1773 1152 1802 tum
1175 1765 1381 1800 dulcissima
1400 1763 1470 1798 fuit
1499 1783 1548 1790 —
1582 1767 1618 1796 et
1640 1760 1728 1796 reli-

234 1828 321 1861 qua:
339 1814 480 1857 deinde,
500 1816 700 1848 exheres
719 1819 817 1848 esto
829 1815 865 1857 9,
875 1817 911 1858 2,
921 1813 978 1850 34.
1009 1813 1151 1856 deinde,
1168 1824 1248 1847 cum
1262 1823 1302 1846 se
1316 1812 1463 1856 jactaret
1475 1809 1602 1843 eodem
1618 1808 1728 1842 modo

236 1863 378 1904 dicere,
403 1861 577 1895 Senecam
599 1859 795 1894 infamabat
819 1863 885 1903 10,
912 1863 952 1904 1,
978 1862 1056 1895 127.
1093 1861 1127 1893 d.
1154 1858 1488 1903 deprehenduntur,
1514 1860 1550 1890 et
1573 1865 1728 1898 causam,

236 1920 340 1953 quam
358 1907 496 1941 discere
512 1918 560 1941 ex
580 1906 654 1940 suis
671 1906 907 1953 litigatoribus
925 1908 1131 1946 noluerunt,
1158 1915 1207 1939 ex
1226 1902 1442 1938 adversariis
1456 1901 1598 1936 discunt
1623 1903 1679 1944 12,
1692 1901 1728 1944 8,

236 1957 270 1991 6.
298 1955 332 1987 d.
353 1955 472 1997 placet
496 1953 604 1994 actio,
629 1963 735 1986 causa
754 1963 827 1986 non
847 1951 1056 1999 intelligitur
1069 1950 1105 1994 4,
1124 1954 1160 1994 2,
1182 1951 1240 1986 39.
1265 1951 1300 1984 d.
1325 1947 1534 1995 interrogati
1548 1957 1728 1991 nunquam

235 2000 515 2045 respondebunt,
529 2010 635 2043 quem
641 1998 822 2032 imitentur
832 1997 932 2042 5‚14‚
943 2000 1001 2033 32.
1015 1999 1050 2032 (1.
1059 2023 1068 2041 ,
1081 2003 1251 2042 tanquam
1263 2000 1504 2030 consummata
1513 1995 1584 2028 sint
1595 1992 1728 2036 omnia,

237 2047 327 2081 nihil
370 2056 517 2079 enerare
532 2045 702 2078 audemus
718 2044 788 2089 ipsi
804 2045 841 2087 8,
859 2044 895 2087 6,
912 2047 958 2079 32
967 2046 1015 2079 Ν.
1049 2045 1099 2078 d:
1117 2043 1255 2077 faciunt
1270 2043 1320 2085 id,
1342 2042 1439 2086 quod
1456 2046 1510 2075 est
1527 2040 1566 2074 in
1588 2049 1608 2072 a
1656 2039 1728 2073 ndo

238 2092 347 2126 diffini
363 2092 484 2125 limiun
502 2093 558 2133 12,
577 2091 612 2132 8,
629 2091 707 2125 5Ν.
753 2091 792 2135 y)
817 2103 847 2124 c.
874 2093 948 2124 aliis
975 2091 1282 2134 Conjunotionibus:
1309 2094 1356 2123 et
1379 2086 1554 2122 deinde
1577 2096 1620 2119 su
1646 2084 1728 2128 jecit

238 2137 582 2179 enumerationemss,
596 2139 629 2179 1,
640 2138 674 2170 3.
708 2137 741 2169 T
750 2148 774 2169 u
785 2148 821 2170 ιιι
835 2137 857 2170 d
866 2136 905 2170 ei
916 2149 940 2170 n
950 2137 972 2170 d
984 2148 1004 2171 e
1022 2137 1226 2171 efflorescat
1240 2140 1420 2170 orator-mn
1430 2132 1558 2179 ingens
1567 2141 1728 2176 proven-

239 2191 294 2218 tus
320 2187 375 2227 12,
401 2186 456 2226 10,
476 2186 531 2217 11.
557 2188 649 2216 tum
677 2181 846 2216 deinde
871 2181 1065 2226 (sioAmb.
1095 2185 1139 2226 1,·
1175 2184 1241 2226 Sp.
1270 2182 1305 2214 d.
1326 2178 1372 2223 t.)
1395 2184 1517 2213 narret
1541 2179 1586 2212 de
1608 2178 1728 2213 Paline

237 2230 341 2264 bonis
372 2238 432 2264 erc.
459 2229 493 2272 4,
522 2231 556 2272 2,
586 2232 631 2263 27
646 2229 693 2262 N.
721 2235 752 2262 et
776 2230 813 2262 S.
862 2230 910 2270 ΙΙ)
935 2231 969 2262 in
986 2230 1242 2263 enumeratione.
1277 2225 1540 2268 a)simpzici1er.·
1565 2228 1728 2267 statuam,

238 2276 366 2309 deinde
390 2286 533 2308 auream
555 2270 693 2308 liastam
716 2277 757 2317 7,
781 2275 825 2318 9,
850 2277 906 2309 11.
941 2274 1081 2319 dicere,
1113 2274 1199 2319 quid
1222 2271 1301 2308 fieri
1326 2269 1546 2316 oportuerit,
1584 2269 1618 2302 d.
1643 2268 1728 2317 quid

237 2322 371 2355 factum
394 2321 439 2355 sit
463 2322 506 2363 9,
529 2323 574 2364 2,
600 2321 677 2355 106.
714 2320 889 2367 jurgium,
922 2320 1097 2355 deinde
1122 2320 1267 2362 caedes,
1300 2323 1346 2351 et
1369 2322 1504 2363 strages
1526 2317 1570 2358 5:
1586 2316 1643 2357 10,
1668 2312 1728 2350 ⁷1.

237 2366 281 2411 β)
306 2370 380 2399 aliis
404 2370 577 2410 particulis
601 2368 786 2410 excipitur:
811 2366 1043 2413 grammatico
1061 2365 1128 2400 soli
1149 2362 1421 2399 deserviamus?
1445 2360 1617 2397 deinde
1639 2371 1728 2408 geo-

237 2418 370 2445 metrae
395 2418 531 2445 tantum
553 2413 628 2447 -Ί
653 2422 759 2446 mox
785 2418 1007 2446 transeamus
1030 2413 1075 2445 ad
1097 2410 1272 2444 musicum
1293 2409 1363 2443 —T
1395 2413 1458 2452 et,
1484 2418 1566 2443 cum
1591 2405 1728 2448 Latini·

237 2457 455 2491 studebimus
482 2458 595 2492 literis
610 2484 620 2500 ,
653 2469 729 2494 non
751 2458 983 2502 respiciamus
1008 2459 1051 2491 ad
1077 2456 1259 2491 Graecas?
1301 2460 1364 2498 et,
1393 2459 1434 2488 ut
1457 2454 1569 2489 semel
1595 2452 1728 2496 finiam,

237 2503 326 2536 nihil
353 2503 546 2545 faciamus,
584 2504 654 2538 nisi
676 2503 938 2539 novissimum?
973 2507 1006 2546 1,
1033 2506 1088 2547 12,
1109 2504 1143 2538 6.
1178 2501 1401 2547 propositio,
1432 2499 1544 2535 dein
1556 2499 1609 2532 de
1634 2497 1728 2533 ratio

236 2549 338 2591 ejus,
375 2554 465 2583 tum
490 2550 682 2593 assumtio,
720 2556 763 2584 et
787 2550 863 2593 ejus
887 2548 1076 2594 probatio,
1117 2549 1284 2593 quinta
1310 2545 1516 2590 complexio
1540 2545 1583 2586 5,
1609 2542 1666 2588 14,
1690 2545 1728 2580 5.

235 2594 429 2638 primum
462 2595 664 2628 omnium
699 2606 774 2630 non
798 2595 867 2630 erit
889 2606 949 2629 res
972 2594 1078 2629 nobis
1105 2606 1187 2629 cum
1212 2591 1421 2630 adversario
1443 2602 1510 2633 —3
1549 2588 1728 2643 deindq

235 2641 354 2673 forma
378 2638 631 2674 deliberativae
656 2641 769 2687 magis
789 2641 957 2676 materiae
979 2646 1120 2675 utamur
1142 2642 1179 2684 5,
1206 2643 1263 2683 13,
1285 2639 1319 2673 6.
1366 2638 1389 2671 J
1401 2647 1466 2670 am
1488 2635 1645 2670 secunda
1665 2642 1728 2670 ιω

234 2684 610 2765 ssifffffnssssfiffiffsssa
631 2693 845 2767 ⁰p⁰¹²i²117i
855 2686 1078 2767 ’.εῗοθῗὲἶέ
1088 2685 1246 2767 23.Ὑέ
1272 2681 1476 2764 3333}ss
1500 2680 1558 2752 {¹1³
1582 2686 1728 2762 ⁸⁸³3

232 2787 439 2822 sequens
476 2777 586 2810 latum
616 2776 722 2810 etiam
758 2783 829 2822 atq.
857 2744 1058 2812 fusumjest
1079 2744 1155 2822 ‘i'1,
1177 2779 1220 2821 3,
1244 2742 1303 2811 4³9.
1328 2775 1385 2810 50.
1424 2777 1533 2808 ante
1567 2771 1725 2807 omnia

233 2822 363 2859 intueri
396 2827 558 2867 oportet,
605 2822 712 2868 Quod
740 2822 785 2858 sit
817 2834 931 2869 genus
966 2823 1121 2859 causae?
1153 2830 1215 2862 eie,
1262 2819 1437 2856 deinde
1467 2835 1512 2846 —·
1545 2823 1638 2854 tum
1658 2833 1726 2854 -ο
