1728 3002
127 128 210 169 790
640 123 893 167 Rhetoricus
925 147 980 154 —
1012 103 1149 167 Rideo

171 240 355 286 spectione
386 246 423 276 et
451 237 709 275 exercitatione
735 243 876 273 constat
898 240 941 280 2,
969 239 1035 280 17,
1057 237 1117 274 42.
1150 239 1207 273 rh.
1230 237 1283 274 sic
1305 239 1438 284 optime
1468 240 1662 286 dividetur,

171 294 213 322 ut
240 289 286 322 de
309 293 404 330 arte,
439 288 484 320 de
507 285 663 328 artifice,
692 285 738 319 de
762 295 872 329 opere
905 284 1063 319 dicamus
1085 288 1129 327 2,
1155 283 1220 328 14,
1247 285 1281 321 5.
1314 287 1456 331 qnando
1476 287 1542 331 ἰὴ,
1569 300 1660 334 quae

172 335 228 369 rh.
252 333 441 379 praecipit,
474 330 714 376 percipiendis
740 342 829 375 puer
851 337 1009 365 maturus
1035 342 1115 366 esse
1141 331 1308 367 videatur
1330 336 1366 376 2,
1390 335 1424 376 1,
1447 335 1482 368 7.
1522 334 1662 371 Platoni

173 391 248 414 non
273 379 476 414 rhetoricen
505 377 621 413 videri
645 378 793 420 malum,
818 378 880 411 sed
906 388 984 411 eam
1002 389 1145 421 veraen,
1169 377 1240 412 nisi
1264 378 1358 423 ili-sto
1381 389 1425 413 ac
1449 380 1565 424 bono,
1588 391 1664 415 non

174 427 382 472 contingere
405 429 440 468 2,
466 425 522 467 15,
548 425 594 458 28
619 425 666 458 N.
697 422 741 465 cs.
765 427 799 466 2,
823 426 881 466 20,
905 422 929 457 4
951 427 993 458 Z.
1021 423 1164 468 quidam
1187 426 1385 459 naturalem
1409 436 1488 460 esse
1513 427 1570 462 rh.
1592 437 1663 462 vo-

172 474 270 516 lunt,
306 478 342 505 et
367 477 485 506 tamen
516 470 675 514 adjuvari
712 467 973 504 exercitatione
1005 481 1079 504 non
1112 469 1307 505 diffitentur
1330 474 1376 514 2,
1408 474 1451 507 17
1460 498 1472 515 ,
1497 474 1532 514 5.
1571 479 1664 508 artes

174 520 284 561 scire,
316 519 458 563 quando
491 517 560 550 sint
590 517 696 550 finem
728 522 964 559 consecutae,
999 517 1054 551 rh.
1083 516 1224 551 nescire
1251 519 1302 551 ib.
1328 518 1384 552 26.
1411 518 1465 552 rh.
1489 519 1528 552 in
1557 519 1666 563 rebus

172 564 321 610 privatis
349 564 455 599 etiam
480 575 522 597 ac
545 562 750 597 domesticis
775 574 854 597 esse
882 565 916 606 2,
941 565 998 605 21,
1023 561 1056 597 4.
1081 564 1145 597 rh-
1160 562 1198 596 in
1222 569 1302 598 actu
1324 563 1522 599 consistere
1545 567 1580 608 2,
1609 566 1665 608 18,

174 615 206 645 2.
246 611 301 645 rh.
332 612 425 644 bene
456 610 597 643 dicendi
629 609 813 643 scientiam
845 614 880 643 et
905 609 1028 643 utilem
1053 615 1088 643 et
1113 615 1223 643 artem
1253 615 1289 644 et
1318 611 1488 645 virtutem
1523 620 1603 646 esse
1629 611 1667 654 8,

174 659 231 691 Pr.
261 658 301 692 6.
344 656 383 702 β)
411 658 540 691 Genit.:
566 655 763 690 rhetorices
792 655 1054 690 accusationem
1077 656 1261 699 professus
1285 661 1338 690 est
1363 656 1519 700 (Agnou)
1541 659 1668 701 2,17,

176 703 219 738 15
236 705 282 738 N.
311 704 367 737 rh.
396 701 571 737 institutio
595 705 630 745 2,
657 705 690 745 1,
711 704 746 738 9.
772 702 827 746 jus
850 701 965 746 ipsum
988 703 1042 736 rh.
1067 703 1127 736 Pr.
1151 704 1208 737 23.
1235 713 1316 737 oum
1339 702 1522 739 materiam
1543 704 1669 738 rheto-

173 749 267 784 rices
290 748 329 783 in
360 748 471 783 thesis
505 754 540 782 et
571 759 696 782 causas
723 747 885 783 diviserit
914 750 1183 790 (Hermagoras)
1209 750 1250 790 3,
1275 751 1316 791 5,
1341 748 1397 782 14.
1429 750 1487 784 rh.
1518 759 1609 794 opus
1631 751 1669 793 2,

175 798 233 839 17,
260 797 316 830 30.
351 797 408 830 rh.
434 795 536 842 origo
561 796 604 837 3,
630 797 670 837 2,
699 798 729 829 1.
764 794 867 829 tertia
889 795 943 828 rh.
968 806 1049 838 pars
1072 797 1113 837 2,
1138 792 1183 837 4,
1207 797 1250 828 21
1274 795 1320 828 N.
1355 793 1467 839 prima
1489 795 1544 829 rh.
1567 795 1670 829 rudi-

174 847 294 876 menta
319 844 361 884 2,
386 842 428 885 5,
454 844 488 876 1.
510 840 709 874 rhetorices
740 840 826 885 (Sp.
851 839 1070 884 rhetoricae)
1095 839 1288 875 substantia
1311 839 1371 874 Pr.
1396 843 1440 874 21
1466 845 1510 875 Ζ.
1534 852 1670 876 summa

174 889 229 922 rh.
254 891 298 932 2,
323 889 390 928 16,
417 889 481 931 11ς
524 888 630 933 Quod
653 886 791 920 initium
815 886 1041 921 rhetorices?
1075 888 1118 931 3,
1143 885 1230 932 Gap.
1257 889 1290 920 2.
1329 887 1430 932 Quae
1458 887 1611 932 partes?
1633 889 1668 932 3,

175 934 262 979 Cap.
290 936 325 969 3.
362 933 453 981 Quis
476 934 554 977 ejus
580 932 690 967 finis?
721 936 762 975 2,
788 933 876 977 Cap.
901 936 956 968 15.
993 934 1095 980 Quae
1119 932 1266 968 materia
1290 932 1463 977 ejus?*2,
1489 932 1576 979 Cap.
1601 935 1669 978 21;

166 982 308 1015 Natura
331 991 376 1014 an
402 980 564 1014 doctrina
588 981 668 1024 plus
693 979 726 1013 ei
751 979 941 1013 conferat?
966 982 1010 1022 2,
1045 978 1131 1023 cap.
1157 981 1213 1015 18.
1258 977 1297 1024 γ)
1319 982 1446 1013 Aecus.
1476 987 1508 1013 et
1530 982 1670 1016 Abla-e

176 1032 216 1060 ut
240 1033 350 1070 aetas,
375 1026 559 1060 altioribus
582 1027 651 1069 jam
680 1025 876 1070 disciplinis
901 1025 1037 1068 debita,
1065 1027 1119 1060 rh.
1146 1037 1201 1069 ap.
1229 1024 1478 1072 grammaticos
1501 1031 1673 1061 exerunt

177 1076 212 1116 2,
238 1076 272 1116 1,
296 1075 330 1107 3.
358 1072 405 1115 cf.
430 1075 465 1115 2,
491 1075 547 1115 15,
573 1075 630 1106 27.
658 1072 808 1116 plurima
836 1083 884 1106 ex
909 1082 953 1106 eo
979 1077 1104 1106 contra
1130 1073 1187 1105 rh.
1212 1071 1394 1106 cavillatio
1414 1077 1482 1114 est,
1506 1072 1608 1117 qum
1623 1082 1672 1107 ex

176 1124 327 1164 utraque
353 1130 482 1153 causae
508 1123 610 1163 parte
634 1119 771 1152 dicatur
793 1122 829 1163 2,
854 1120 912 1162 17,
937 1120 1004 1161 303
1032 1118 1107 1151 alia
1128 1117 1167 1152 in
1189 1117 1434 1152 rhetorice
1457 1117 1673 1165 (Spa-ca)

177 1177 271 1208 esse,
297 1176 389 1209 quae
413 1164 659 1208 probationem
684 1164 899 1207 desiderent,
927 1164 1007 1208 alia,
1035 1175 1126 1208 quae
1150 1175 1224 1198 non
1249 1164 1452 1198 desiderent
1474 1166 1510 1208 3,
1529 1164 1563 1207 5,
1581 1165 1604 1198 3
1624 1168 1671 1198 Ζ.

178 1210 223 1252 cs.
252 1214 294 1254 2,
319 1212 384 1254 14,
407 1213 451 1255 33
486 1221 595 1255 opus,
620 1211 718 1255 quod
742 1212 786 1244 de
810 1210 996 1245 rhetorice
1014 1210 1160 1245 nomine
1186 1211 1265 1255 ejus
1287 1208 1520 1254 (Theodectis)
1543 1210 1674 1244 inscri-
1694 1230 1704 1235 κ

176 1256 273 1290 bitur
300 1260 342 1299 2,
369 1257 433 1300 15,
459 1259 515 1291 10.
555 1269 587 1291 v.
614 1264 718 1300 supr‘a
745 1268 779 1290 α.

132 1300 402 1343 Rhetoricus-
444 1313 561 1356 possis
588 1313 677 1346 illud
703 1313 1085 1360 grammaticum,
1116 1313 1190 1346 hoc
1211 1311 1525 1347 rhetoricum
1552 1311 1673 1347 dicere

176 1360 211 1402 9,
237 1360 272 1402 3,
296 1361 332 1392 2.
360 1369 416 1392 ars
437 1360 493 1393 rh.
519 1362 555 1402 2,
583 1358 641 1401 14,
668 1361 702 1393 3.
734 1360 791 1392 De
809 1358 1042 1402 scriptoribus
1066 1358 1149 1391 artis
1173 1357 1372 1392 rhetoricae
1398 1360 1432 1401 3,
1457 1357 1592 1403 Cap.1.
1614 1360 1673 1393 rh.

177 1404 406 1451 syllogismus
431 1404 466 1447 5,
492 1406 547 1447 10,
573 1406 607 1438 3.
632 1405 668 1446 9,
693 1404 728 1446 4,
755 1406 812 1439 57.
847 1417 879 1438 υ.
906 1404 1232 1448 Enthymema3
1267 1415 1315 1438 ex
1340 1403 1526 1438 Ciceronis
1549 1406 1674 1440 rheto-

177 1451 254 1485 rico
281 1450 397 1495 primo
426 1452 459 1493 3,
489 1452 524 1493 5,
550 1449 604 1483 14.
630 1449 675 1491 cs,
705 1452 740 1492 3,
769 1451 804 1493 6,
829 1450 886 1486 58.
916 1449 985 1483 nisi
1007 1449 1207 1485 rhetoricos
1235 1460 1320 1484 suos
1346 1450 1424 1494 ipse
1447 1448 1554 1495 (Cic.)
1588 1452 1675 1485 ado-

176 1496 326 1531 lescenti
358 1495 426 1530 sibi
450 1498 591 1540 elapsos
616 1496 751 1530 diceret
777 1498 820 1540 3,
845 1498 888 1539 1,
916 1497 974 1530 20.

134 1551 428 1607 Rhythmicus·
471 1569 507 1598 et
531 1564 603 1597 duo
626 1563 741 1608 prima
761 1565 875 1599 verba
898 1571 960 1596 eto.
988 1573 1072 1597 suos
1095 1561 1196 1606 quasi
1225 1550 1392 1598 numeros
1422 1563 1577 1613 habent,
1601 1564 1676 1613 spi-

177 1611 284 1645 ritum
295 1635 306 1649 .,
319 1610 551 1653 sustinentes,
585 1610 678 1644 sicut
703 1621 759 1654 ap.
787 1609 1010 1654 rhythmicos
1038 1609 1267 1644 aestimantur
1289 1609 1381 1655 (Sp.
1407 1611 1493 1656 conj.
1518 1610 1550 1646 si
1571 1616 1677 1656 caput

177 1656 356 1701 rhythmis
380 1655 600 1698 aestimatur)
624 1657 659 1699 9,
682 1655 717 1699 4,
741 1657 788 1692 68
812 1657 860 1690 Ν.
889 1669 936 1690 cr.

135 1711 385 1767 RhythmOS·
430 1724 552 1759 inania
579 1730 742 1769 tempora
766 1723 925 1769 rhythmi
948 1723 1089 1758 facilins
1115 1722 1293 1768 accipient
1315 1726 1350 1767 9,
1373 1723 1409 1764 4,
1434 1723 1491 1760 51.
1518 1724 1678 1769 rhythmi

179 1782 297 1815 neque
326 1771 435 1804 finem
465 1772 598 1805 habent
629 1777 787 1813 certum,
822 1782 890 1804 nec
920 1772 1029 1804 ullam
1053 1770 1090 1803 in
1116 1775 1291 1804 contextu
1313 1769 1522 1805 varietatem
1545 1773 1587 1804 ih.
1615 1771 1676 1807 55.

179 1818 367 1861 rhythmos
393 1815 663 1860 (Sp.——mus),
697 1817 758 1861 qui
784 1818 827 1850 ab
855 1826 900 1851 eo
929 1815 1150 1859 (cinapaesto)
1175 1826 1307 1850 nomen
1329 1815 1506 1850 traxit'ib.
1536 1817 1604 1854 109
1625 1818 1674 1852 N.

180 1874 228 1897 ex
252 1862 463 1897 mollissimo
492 1863 743 1907 rhythmorum
770 1873 902 1910 genere
927 1865 970 1896 ib.
996 1864 1053 1897 78.
1082 1862 1252 1907 rhythmo
1274 1861 1481 1896 indifferens
1505 1868 1582 1906 est,
1610 1863 1676 1898 da-

180 1910 346 1953 ctylusne
377 1909 440 1943 ille
465 1909 605 1952 priores
628 1910 756 1942 habeat
780 1910 931 1953 breves,
964 1919 1010 1942 an
1034 1913 1225 1953 sequentes
1251 1909 1295 1942 ib.
1319 1906 1377 1943 48.
1402 1913 1570 1953 tanquam
1593 1919 1677 1944 ora·

178 1955 316 1989 tionem
341 1956 386 1988 ad
409 1956 597 1999 rhythmos
624 1955 745 2002 alliget
771 1957 814 1989 ib.
841 1955 896 1990 53.
928 1966 961 1988 v.
983 1955 1199 1989 Metram.
1233 1954 1469 1998 Numerus.

135 1998 292 2058 Rictus.
326 2023 375 2046 ne
401 2010 613 2046 immodicus
639 2012 755 2046 hiatus
778 2011 907 2046 rictum
933 2011 1109 2046 discindat
1135 2010 1182 2070 (S
1189 2023 1225 2055 p.
1249 2010 1442 2052 distendat)
1469 2013 1504 2056 1,
1521 2012 1581 2055 11,
1598 2012 1675 2046 92.

134 2066 284 2109 Rideo·
320 2079 362 2123 α)
387 2082 558 2115 absolute.-
584 2080 749 2125 equidem
771 2080 886 2123 rideo,
913 2081 1007 2125 quod
1030 2079 1084 2114 illi
1111 2078 1163 2114 sic
1184 2078 1311 2113 timent
1333 2080 1375 2123 9,
1390 2082 1425 2124 2,
1449 2079 1506 2115 86.
1531 2078 1676 2114 dubium

181 2130 246 2167 est,
272 2131 391 2159 utrum
415 2126 535 2161 ridere
559 2127 742 2161 audientes
769 2138 813 2160 an
836 2125 1014 2173 indignari
1040 2125 1227 2161 debuerint
1255 2126 1299 2169 6,
1325 2127 1368 2168 3,
1391 2127 1449 2160 83.
1473 2125 1592 2160 rident
1614 2134 1676 2160 sn-

179 2171 345 2214 periores
367 2175 431 2216 11,
461 2175 504 2216 1,
534 2175 587 2207 17.
623 2185 673 2207 ex
695 2172 786 2215 illis,
820 2173 881 2217 qui
906 2183 980 2206 non
1005 2172 1117 2207 risere
1139 2173 1184 2212 9,
1209 2173 1252 2214 3,
1277 2173 1312 2206 8.
1348 2172 1463 2216 quod,
1499 2171 1561 2216 qni
1591 2170 1676 2206 dicit

180 2217 260 2260 illa,
289 2228 364 2251 non
393 2217 486 2252 ridet
519 2219 562 2261 6,
588 2220 630 2262 3,
655 2219 710 2253 26.
735 2217 1000 2263 [intempestive
1032 2218 1257 2252 ridentes
1282 2222 1318 2250 et
1344 2218 1442 2251 facto
1466 2217 1587 2261 aliquo
1613 2217 1695 2254 vel.

181 2262 261 2306 ipso
287 2264 392 2299 vultu
422 2263 569 2298 risum
594 2265 699 2299 etiam
722 2270 962 2299 moventes
988 2266 1118 2307 (placet
1143 2265 1227 2296 haec
1251 2267 1325 2297 lect.
1364 2265 1418 2306 Sp
1429 2264 1512 2297 ald.
1535 2269 1676 2306 propter

182 2312 462 2353 contrapositum,
512 2323 627 2344 verum
662 2318 743 2355 opit.
783 2312 887 2344 Codd.
926 2308 1141 2353 residentes)
1172 2309 1214 2352 6,
1245 2311 1285 2352 1,
1313 2309 1359 2344 38
1389 2309 1436 2343 Ν.
1472 2321 1519 2347 cr.
1554 2315 1587 2342 et
1618 2306 1672 2351 S.]

181 2353 235 2397 β)
261 2368 289 2389 c.
317 2355 417 2399 obj..-
451 2355 594 2391 risimus
618 2363 653 2391 et
681 2356 809 2390 merito
834 2367 949 2400 nuper
972 2360 1114 2401 poetam
1135 2356 1170 2398 8,
1195 2356 1230 2398 3,
1258 2356 1313 2393 19.
1341 2360 1413 2388 tam
1439 2353 1676 2388 contumatio-

183 2409 242 2433 sos
272 2400 311 2433 in
343 2412 383 2435 se
413 2401 507 2436 ridet
531 2405 673 2444 <Flam
703 2402 1035 2444 irridet)=invicem
1062 2400 1268 2445 eloquentia
1293 2403 1358 2444 10,
1381 2403 1427 2444 7,
1451 2403 1508 2434 21.
1535 2399 1675 2435 rideant

182 2450 340 2479 nostram
367 2446 426 2480 dili
455 2448 586 2482 entiam
614 2452 659 2492 2,
685 2451 748 2491 11,
775 2451 815 2492 13
847 2458 922 2482 non
947 2448 1042 2482 dabit
1063 2447 1150 2480 mihi
1174 2458 1272 2490 spem
1296 2448 1414 2481 bonae
1437 2445 1590 2488 indolis,
1613 2445 1673 2490 qui

182 2491 252 2524 hoc
276 2492 437 2527 imitand1
463 2494 580 2528 studio
599 2500 718 2539 petet,
744 2499 783 2527 ut
806 2493 964 2528 rideatur
987 2497 1028 2537 1,
1049 2495 1092 2535 3,
1116 2496 1150 2527 2.
1174 2493 1333 2527 rideatur
1354 2492 1501 2535 merito,
1526 2491 1587 2536 qui
1610 2498 1672 2525 eto.

184 2538 251 2586 ,¹¹⁹
278 2539 310 2579 1,
338 2537 396 2573 44.
432 2539 475 2581 cfi
509 2543 554 2584 9,
579 2543 623 2583 3,
653 2543 732 2575 101.
767 2550 885 2584 neque
909 2546 1013 2574 acute
1036 2545 1169 2573 tantum
1193 2550 1235 2573 ac
1257 2545 1430 2580 venuste,
1459 2538 1523 2572 sed
1555 2537 1674 2579 stulte,

184 2584 374 2627 iracunde,
408 2585 532 2620 timide
561 2586 656 2621 dicta
677 2592 736 2620 aut
759 2587 854 2620 facta
880 2586 1040 2620 ridentur
1063 2586 1105 2627 6,
1134 2586 1175 2628 3,
1201 2588 1234 2619 7.
1268 2585 1313 2626 cs.
1335 2586 1376 2622 8.
1404 2586 1447 2627 3,
1471 2581 1528 2617 44.
1560 2581 1674 2625 verba

185 2627 267 2661 adv.
294 2627 603 2673 Agamemnonem
626 2644 646 2666 a
676 2631 844 2666 Thersite
870 2631 990 2666 habita
1012 2631 1172 2666 ridentur
1191 2633 1247 2674 11,
1274 2634 1307 2673 1,
1332 2632 1387 2665 37.
1436 2625 1545 2662 ratori
1565 2625 1673 2660 mini-

183 2682 240 2705 me
265 2675 432 2708 convenit
468 2678 636 2713 distortus
669 2679 789 2713 vultus
813 2683 1022 2723 gestusque,
1055 2688 1145 2723 quae
1168 2677 1206 2712 in
1228 2676 1343 2712 mimis
1365 2674 1397 2710 ri
1423 2673 1475 2708 eri
1498 2672 1614 2707 solent
1635 2672 1671 2715 6,

185 2718 227 2760 3,
251 2719 306 2755 29.
335 2719 476 2755 ridendi
501 2735 611 2766 vero,
644 2723 704 2768 qni
730 2732 789 2758 etc.
815 2724 851 2767 4,
876 2727 909 2767 1,
932 2724 988 2758 62.
