1728 3002
40 2662 60 2669 ο

554 282 739 345 Expolio
784 307 825 316 -
872 281 1081 340 Exprimo
1504 279 1587 320 315

55 402 255 462 Expolio.
313 413 345 450 ni
374 412 465 449 nimi
486 410 657 458 (agnum)
682 407 936 449 memmii-21
959 406 1157 453 expetisset
1177 406 1222 450 2,
1245 402 1303 448 19,
1325 403 1368 447 ες
1405 412 1482 439 noa
1508 401 1592 448 qui.

102 473 157 497 co
168 473 206 496 m
217 462 230 496 i
253 472 309 496 ex
317 473 341 505 p
350 470 374 495 o
382 459 534 504 lirique
557 468 634 493 non
656 458 787 493 debeat
807 454 952 500 (oratio)
973 456 1012 498 8,
1035 456 1070 497 3,
1096 452 1155 487 42.

57 507 255 563 EIPODO·
309 518 344 562 1)
379 519 423 551 de
444 518 572 551 ziberis=
598 519 843 560 paupertatem
867 511 934 546 sibi
958 522 1099 546 cansam
1123 506 1331 554 exponendi
1356 505 1470 540 fuisse
1494 504 1532 548 4,
1554 507 1592 548 2,
1635 488 1639 493 .

65 576 68 579 ’
102 566 164 602 95.
190 564 301 598 filium
316 562 519 608 expositum
533 563 570 604 9,
584 564 621 604 2,
638 562 695 596 89.
721 566 762 594 ut
785 565 870 604 puta
892 557 938 601 (S
946 571 979 602 p.
997 555 1131 602 pater):
1157 554 1369 599 Expositum
1392 552 1455 596 qui
1479 563 1593 599 agno-

103 610 219 653 verit,
241 609 366 644 solutis
390 608 565 643 alimentis
588 606 737 652 recipiat
763 609 799 650 7,
824 608 858 648 1,
885 603 929 638 14
954 607 997 638 Ζ.
1022 604 1068 638 N.
1101 604 1166 636 lex
1188 602 1233 635 de
1257 598 1434 644 expositis
1461 601 1505 632 ib.
1534 598 1592 632 15.

106 654 157 699 11)
185 656 336 690 «limae.
382 657 428 698 ι)
449 657 662 698 simpliciter.-
698 652 781 697 quia
804 662 872 685 nec
898 649 1057 684 breviter
1077 648 1200 692 utique
1223 657 1291 680 nec
1317 644 1472 679 dilucide
1498 655 1594 678 sem-

105 713 174 747 per
193 701 240 736 sit
261 702 350 736 utile
372 711 555 745 exponere
577 698 614 743 4,
625 702 661 742 2,
676 701 733 734 32.
768 709 849 732 cum
872 700 1059 740 exponunt
1082 692 1282 738 (historici),
1304 692 1424 725 unde
1447 691 1594 732 bellum,

106 747 248 791 seditio,
271 746 474 792 pestilentia
496 749 541 781 i'b.
554 748 589 779 2.
619 745 683 779 ubi
706 743 854 779 omnino
878 753 953 776 non
975 741 1229 785 exponendum
1250 742 1285 781 7,
1304 740 1361 780 10,
1383 740 1439 771 12.
1470 736 1594 771 similis

105 792 146 828 in
174 793 335 840 apologis
367 803 510 838 quoque
542 797 579 826 et
603 791 812 836 quibusdam
838 788 980 822 interim
1007 787 1117 822 etiam
1142 786 1180 819 in
1206 783 1364 818 historiis
1387 782 1596 827 exponendi

109 838 159 884 (a.
182 843 206 874 1.
230 838 359 883 —dis)
383 838 494 886 gratia
519 837 691 881 consequi
713 837 806 870 solet
831 836 867 876 6,
890 836 926 876 3,
947 832 1005 867 44.
1061 832 1101 877 β)
1128 844 1158 865 c.
1188 832 1286 873 olax:
1315 830 1411 874 quod
1434 839 1601 872 expone-

106 885 191 928 bat,
216 891 258 920 et.
274 885 414 919 ratione
437 885 524 918 fecit
546 882 735 925 credibile,
759 887 795 916 et
819 881 948 915 affectu
974 889 1116 923 quoque
1139 877 1302 920 implevit
1326 876 1372 918 4,
1396 878 1439 917 2,
1465 877 1533 909 110
1555 879 1597 909 Ζ.

107 941 256 975 causas,
281 937 428 976 propter
449 941 536 974 quas
561 940 663 963 reum
686 928 846 969 laedant,
870 936 1057 970 exponere
1082 926 1116 966 5,
1140 926 1176 965 7,
1200 921 1258 956 24.
1284 921 1331 963 es.
1354 924 1390 963 2,
1410 923 1445 963 5,
1469 924 1505 955 7.
1529 932 1600 955 ex-

108 975 225 1020 posita
247 976 494 1011 controversia
520 978 576 1016 10,
599 978 635 1016 7,
661 976 717 1008 21.
755 973 787 1006 si
807 972 915 1006 fuerit
940 971 1092 1016 primum
1115 968 1282 1012 exposita
1305 964 1486 1011 (narratio)
1511 978 1600 1000 ver-

109 1021 167 1056 bis
193 1022 347 1066 propriis
373 1028 410 1056 et
434 1020 712 1067 significantibus
741 1018 785 1062 4,
808 1021 850 1060 2,
875 1018 931 1052 36.
978 1015 1227 1063 grammaticus
1249 1013 1281 1047 si
1302 1033 1351 1039 —
1373 1012 1601 1057 quaestiones

112 1067 349 1112 explicet,
377 1067 543 1101 historias
567 1070 786 1109 exponat,
812 1071 872 1097 etc.
907 1066 948 1104 1,
972 1066 1014 1105 2,
1039 1061 1083 1095 14
1106 1062 1154 1094 N.
1190 1059 1387 1104 exponitur
1412 1058 1475 1092 illa
1497 1059 1600 1092 velut

111 1111 232 1160 imago
263 1113 335 1147 litis
365 1111 410 1154 4,
434 1116 453 1146 1
468 1138 479 1155 ‚
506 1112 539 1146 4.
571 1111 772 1145 orationum
796 1111 898 1145 velut
925 1110 1044 1142 thema
1067 1116 1262 1150 exponens
1283 1106 1330 1148 5,
1356 1106 1423 1146 10,
1445 1104 1481 1140 9.
1510 1103 1600 1138 illud

112 1159 247 1205 geniis,
275 1157 505 1194 ostentationi
536 1157 770 1200 compositum
800 1176 847 1182 —
878 1165 1005 1188 omnes
1036 1152 1179 1187 dicendi
1202 1150 1314 1196 aperit
1337 1156 1452 1190 artes,
1492 1160 1602 1184 orna-

73 1215 76 1218 *
112 1208 259 1250 uimque
278 1204 449 1238 orationis
472 1203 623 1247 exponit
642 1204 678 1245 8,
697 1204 731 1244 3,
755 1204 812 1235 11.
842 1210 1041 1234 narrare
1067 1216 1111 1223 —
1140 1197 1221 1242 quis
1244 1195 1501 1243 significantius
1518 1201 1603 1240 pot-

112 1255 190 1292 est,
219 1261 325 1295 quam
349 1249 410 1294 qui
436 1248 604 1282 Curetum
626 1249 909 1291 Aetolorumque
934 1244 1111 1289 proelium
1138 1241 1358 1287 exponit?
1387 1245 1452 1284 10,
1479 1246 1513 1285 1,
1540 1243 1600 1278 49.

112 1294 290 1330 rationem
311 1295 573 1339 impendiorum
595 1303 784 1338 exponens
806 1292 854 1336 (S
857 1304 896 1335 p.
911 1291 1016 1335 opp.)
1042 1294 1075 1333 1,
1096 1292 1153 1332 10,
1173 1290 1230 1328 18.
1261 1287 1399 1332 exponi
1422 1299 1481 1322 res
1505 1293 1604 1322 atro-

112 1349 176 1376 ces
201 1346 240 1375 et
259 1340 479 1375 miserabiles
502 1340 538 1382 6,
562 1343 597 1382 1,
621 1341 679 1374 53.
708 1338 751 1380 qil
775 1337 818 1381 4,
840 1341 877 1380 2,
902 1338 980 1371 116.
1013 1342 1073 1370 aut
1099 1335 1208 1378 judici
1230 1340 1341 1368 nota
1363 1340 1446 1368 sunt
1470 1334 1604 1378 omnia,

114 1391 178 1422 aut
198 1386 320 1431 priore
339 1387 425 1421 loco
448 1391 547 1420 recte
569 1385 800 1429 exposita.
862 1383 898 1428 γ)
933 1382 1003 1426 adj.
1035 1384 1151 1417 Ado„-
1185 1386 1226 1414 ut
1259 1379 1381 1415 omnia
1410 1381 1605 1424 quamlibet

56 1464 64 1467 ,
113 1432 271 1469 verbose
293 1438 330 1467 et
355 1433 451 1466 unde
473 1433 599 1466 volent
621 1431 773 1474 repetita
795 1441 846 1464 ex
869 1435 1032 1473 tempore
1055 1432 1240 1472 exponant
1275 1430 1342 1468 12,
1364 1427 1410 1470 8,
1434 1428 1455 1461 7
1481 1427 1529 1460 Ν.
1554 1440 1603 1461 cr.

113 1482 193 1526 nt„
213 1478 298 1524 quia
326 1479 538 1512 narratio
571 1477 692 1512 brevis
723 1488 803 1511 esse
839 1475 965 1518 debet,
1004 1474 1119 1508 fusius
1152 1479 1188 1507 et
1217 1473 1376 1519 ornatius
1407 1483 1466 1506 res
1492 1472 1607 1516 possit

116 1524 287 1569 exponi
311 1524 357 1567 4,
380 1527 426 1567 2,
451 1525 530 1558 128.
565 1533 636 1568 quo
669 1522 714 1557 sit
738 1523 846 1556 modo
872 1521 1024 1563 factum,
1062 1519 1202 1565 plenius
1225 1530 1267 1553 se
1289 1520 1373 1552 loco
1397 1529 1463 1552 suo
1488 1529 1609 1562 expo-

118 1569 268 1605 siturum
286 1569 378 1604 'esse
397 1572 449 1606 a.
481 1580 573 1614 quae
603 1569 648 1603 de
674 1568 732 1602 his
766 1573 868 1602 erant
897 1566 1049 1609 tradita,
1080 1564 1295 1608 verbosius,
1327 1576 1433 1608 quam
1455 1575 1607 1599 necesse

99 1617 216 1660 ‘erat,
239 1616 469 1660 exposuimus
493 1617 528 1657 3,
557 1618 613 1657 11,
638 1616 697 1649 28.
749 1610 788 1657 ὃ)
821 1614 892 1656 adj.
918 1616 1103 1656 anepos„-
1136 1611 1175 1645 in
1199 1612 1267 1645 hac
1289 1610 1494 1645 narratione
1517 1611 1609 1644 niliil

117 1662 175 1696 de
203 1661 352 1696 crimine
383 1661 548 1705 exposuit
583 1660 627 1704 4,
650 1663 695 1703 2,
718 1662 776 1694 10.
805 1659 838 1692 si
860 1658 993 1704 aliquid
1019 1658 1065 1692 in
1089 1657 1252 1705 digressu
1275 1656 1322 1690 sit
1349 1658 1607 1700 exponendum

104 1705 157 1751 «4,
178 1708 214 1750 3,
234 1706 294 1741 14.
329 1707 369 1741 in
392 1708 516 1742 schola
538 1712 636 1741 certa
660 1711 764 1749 sunt,
789 1710 825 1740 et
848 1716 980 1749 pauca,
1004 1710 1040 1738 et
1065 1710 1146 1737 ante
1171 1701 1465 1738 declamationem
1489 1713 1610 1747 expo-

117 1758 254 1788 llll-tur
287 1756 335 1796 7,
370 1754 415 1796 1,
447 1751 483 1786 4.
542 1751 574 1795 ε)
607 1754 759 1785 Panic„-
790 1760 916 1785 eorum
942 1749 1188 1794 (scriptorum)
1220 1747 1608 1783 candidissimum

172 1809 298 1843 emcpie
323 1803 360 1832 et
384 1797 579 1832 maxime
603 1795 873 1841 expositum
895 1799 943 1840 2,
968 1797 1008 1839 5,
1034 1796 1079 1831 19
1102 1796 1169 1840 Ν.,·
1203 1794 1417 1831 varietatem
1438 1794 1610 1829 simili-

147 1853 231 1885 us,
255 1844 476 1888 xoiuptatem
498 1842 740 1887 expositis
765 1843 851 1877 dare
876 1842 933 1886 10,
958 1842 992 1885 5,
1018 1844 1060 1876 11
1085 1842 1134 1876 Ν.

78 1881 320 1941 Expossifi‘l·
376 1898 419 1950 q)
445 1912 478 1934 c.
501 1901 611 1934 Genii.
624 1914 641 1951 :-
662 1919 709 1925 —
731 1900 979 1943 exemplorum
1003 1901 1047 1941 7,
1071 1898 1115 1942 4,
1143 1899 1201 1933 15.
1226 1916 1275 1924 —
1296 1896 1435 1944 negotii
1455 1917 1504 1924 —
1525 1909 1612 1942 per-

127 1952 238 1976 sonae
262 1943 403 1994 —Joei
422 1963 470 1970 ——
490 1949 662 1987 temporis
686 1963 734 1970 —
766 1956 951 1978 causarum
986 1943 1033 1987 4,
1059 1946 1103 1988 2,
1126 1946 1161 1979 2.
1191 1964 1240 1970 -
1270 1943 1524 1988 probationum
1556 1950 1612 1979 est

125 1993 352 2033 praeparatio
376 1989 412 2026 3.
437 1989 473 2030 9,
495 1991 518 2023 7
542 1990 590 2022 Ν.
614 2007 662 2015 -
683 1989 739 2023 rei
759 1990 876 2023 factae
897 1989 934 2032 4,
955 1992 992 2033 2,
1014 1991 1073 2025 31.
1096 2009 1142 2017 -
1165 1995 1288 2036 gestae
1312 1989 1366 2023 rei
1388 1993 1424 2028 2,
1448 1988 1485 2032 4,
1509 1992 1544 2024 2.
1573 1990 1611 2034 4,

125 2036 175 2076 3,*
195 2035 252 2067 12.
279 2049 331 2071 -,
346 2043 466 2066 rei-um
489 2033 698 2069 adecausam
721 2034 972 2078 pertinentium
993 2033 1036 2076 4,
1059 2037 1104 2077 2,
1130 2038 1186 2068 11.
1218 2054 1265 2060 -
1294 2034 1494 2071 sententiae
1525 2046 1613 2070 suae

57 2109 64 2114 .
95 2082 98 2083 ⁷
126 2078 233 2123 (fig.)
259 2079 295 2120 9,
321 2079 356 2120 1,
378 2079 439 2129 29.
466 2078 502 2119 9,
527 2080 564 2120 2,
588 2080 622 2112 2.
647 2077 711 2129 ιβ)
735 2092 765 2111 c.
788 2081 894 2121 Adia
918 2096 962 2104 —-
985 2085 1091 2113 atrox
1111 2078 1149 2122 4,
1173 2082 1208 2120 3,
1230 2082 1264 2114 5.
1289 2097 1334 2105 —
1358 2081 1487 2115 breves
1512 2079 1548 2123 4,
1575 2085 1612 2124 2,

60 2159 61 2162 ,
126 2125 188 2160 42.
215 2140 260 2150 -
285 2133 472 2167 perspicua
494 2127 531 2156 et
556 2123 677 2157 brevis
702 2125 746 2156 ib.
759 2123 841 2159 104.
867 2141 912 2148 —-
940 2123 1149 2158 circumcisa
1170 2124 1332 2158 fb.42N.
1364 2145 1412 2150 —
1435 2127 1615 2160 contraria

127 2174 173 2205 ib.
199 2169 254 2204 14.
288 2171 431 2214 elegans
455 2173 492 2201 et
515 2173 667 2220 venusta
689 2168 845 2215 exigitur
868 2173 943 2202 tota
968 2179 1052 2212 exp.
1076 2170 1118 2211 6,
1145 2170 1190 2212 3,
1213 2171 1270 2204 39.
1304 2187 1350 2193 -
1381 2171 1508 2213 plana,
1532 2172 1614 2206 evi-

128 2218 238 2258 dens,
266 2220 401 2249 morata
423 2224 503 2248 cum
525 2214 693 2260 dignitate
717 2213 761 2256 4,
786 2216 823 2255 2,
845 2213 903 2248 64.
933 2232 981 2239 —
1007 2213 1151 2261 longior
1178 2225 1220 2248 ac
1246 2215 1419 2258 perplexa
1440 2215 1553 2262 magis
1575 2217 1613 2262 4,

86 2299 90 2302 Δ
129 2265 173 2306 1,
199 2263 258 2298 79.
290 2280 339 2312 -3-
365 2259 550 2305 magnifica
572 2271 649 2311 opp.
674 2258 836 2310 jucunda·
853 2257 900 2302 4,
923 2261 970 2302 2,
990 2259 1048 2293 63.
1075 2276 1119 2284 —
1144 2259 1256 2303 prima
1283 2259 1326 2302 6,
1349 2262 1395 2304 5,
1418 2261 1453 2296 9.
1487 2265 1554 2305 11,
1577 2266 1613 2307 1,

85 2344 90 2348 .
129 2309 190 2344 63.
221 2327 268 2334 -
305 2306 458 2350 simplex
480 2305 693 2356 etundique
720 2315 879 2348 praecisa
902 2303 947 2348 4,
969 2306 1012 2347 2,
1034 2303 1094 2339 47.
1121 2324 1170 2330 -
1199 2304 1297 2343 utilis
1323 2306 1369 2340 ad
1391 2309 1613 2351 persuaden-

86 2390 91 2394 ,
131 2355 217 2388 dum
237 2355 283 2386 ib.
307 2354 364 2386 31.
398 2350 641 2394 expositiones
664 2350 774 2384 falsae
801 2352 844 2383 ib.
864 2350 919 2384 88.
943 2385 946 2388 ,
967 2348 1008 2394 7)
1030 2362 1091 2394 per
1111 2352 1256 2392 singulos
1282 2353 1407 2386 Casus.-
1433 2354 1614 2397 expositio

131 2405 171 2434 et
192 2396 450 2444 argumentatio
476 2397 520 2429 ad
546 2397 746 2430 docendum
762 2395 948 2440 ‘pertinent
974 2396 1017 2438 8,
1044 2396 1099 2428 Pr.
1124 2398 1166 2438 73
1199 2398 1301 2431 velut
1330 2408 1491 2442 campum
1517 2400 1615 2435 nacti

132 2442 367 2488 expositionis
388 2441 484 2484 4,,2,
506 2443 564 2477 39.
600 2441 662 2486 qui
683 2452 758 2475 non
780 2441 937 2485 speciem
960 2440 1196 2484 expositionis
1218 2441 1271 2485 (α.
1296 2446 1319 2477 1.
1346 2447 1522 2489 compos.)
1549 2447 1614 2480 sed

132 2490 238 2524 fidem
261 2487 398 2533 quaerit
422 2489 479 2530 10,
503 2490 537 2530 1,
559 2489 616 2522 32.
644 2487 791 2534 gratiam
813 2486 909 2520 illam
933 2486 1169 2530 expositionis
1191 2490 1258 2530 11,
1286 2490 1322 2532 1,
1345 2490 1408 2532 53;
1446 2501 1614 2536 propo-

134 2534 299 2570 sitioni
326 2532 475 2567 similior
505 2543 611 2577 quam
639 2532 934 2577 expositioni
958 2528 1000 2571 4,
1030 2536 1072 2576 1,
1098 2534 1167 2575 35;
1208 2539 1307 2568 retro
1334 2545 1440 2582 agere
1467 2538 1615 2581 exposi-

134 2581 270 2615 tionem
302 2582 345 2622 2,
367 2577 415 2621 4,
439 2578 495 2612 15.
534 2584 683 2622 utraque
718 2589 800 2623 pars
827 2589 927 2612 suam
953 2579 1060 2612 habet
1085 2578 1367 2623 expositionem,
1404 2586 1510 2627 atque
1536 2594 1615 2618 eam

134 2631 255 2666 tuetur
275 2628 321 2668 7,
346 2627 394 2667 2,
416 2624 484 2665 263
520 2622 559 2656 in
590 2624 893 2668 expositione
916 2635 958 2658 ac
985 2635 1196 2659 sermone
1222 2631 1320 2660 recta
1343 2626 1459 2671 (vox)
1486 2631 1531 2662 i'b.
1551 2628 1613 2665 64.

91 2704 95 2706 ,
134 2670 179 2713 cs.
203 2674 261 2715 11,
285 2672 320 2712 3,
344 2671 400 2705 91.
436 2670 566 2704 docere
590 2669 817 2714 expositione
839 2671 884 2712 9,
907 2669 952 2712 4,
974 2668 1010 2703 4.
1046 2670 1201 2717 effugere
1224 2671 1341 2715 aliqua
1365 2683 1478 2714 prima
1500 2684 1618 2720 expo-

135 2716 263 2757 sitione
289 2719 347 2758 12,
369 2716 405 2759 8,
423 2716 464 2763 ,8⁶
496 2714 725 2758 expositione
746 2715 798 2749 nti
820 2715 855 2758 4,
880 2718 915 2758 2,
941 2717 999 2750 29.
1025 2728 1057 2750 υ.
1083 2714 1420 2752 Contradictio.

62 2760 313 2831 ,Jt-'nxpriiiim
370 2771 406 2815 1)
431 2774 467 2810 vi
490 2779 688 2817 exim-queo:
721 2778 763 2808 ut
787 2771 861 2815 illi,
884 2773 980 2816 quod
1001 2772 1157 2808 maxime
1181 2773 1302 2808 dicere
1323 2773 1464 2818 voluit,
1490 2774 1619 2810 videa-

134 2823 194 2853 tm·
218 2828 427 2863 expressum
450 2817 496 2860 5,
520 2821 568 2860 7,
593 2818 646 2853 16.
672 2830 705 2852 υ.
731 2818 948 2862 Expello.
987 2828 1086 2862 vox,
1115 2820 1229 2864 qualis
1256 2821 1381 2854 dolore
1406 2820 1619 2865 exprimitur

91 2841 114 2886 χ
139 2866 206 2908 ¹1,
228 2866 272 2907 3,
293 2865 352 2901 90.
367 2895 369 2898 ⁴
386 2873 457 2900 nec
476 2865 597 2912 vulnus
619 2865 728 2912 inodo
750 2875 796 2926 lac
821 2864 925 2907 {ocis
947 2864 1405 2922 exprimitroonfqaiqngm
1425 2859 1618 2918 (mse,
