1728 3002
98 211 182 250 804
571 200 869 244 Scholasticus
896 224 953 232 -
980 199 1156 244 Scilicet

123 322 241 356 *haec
262 318 351 355 vitia
373 320 418 363 6,
443 321 461 351 1
475 343 486 361 ,
512 314 571 351 43.
625 315 682 360 11)
710 317 754 350 de
777 317 970 361 discipulis.-
1002 315 1189 351 Theodori
1216 317 1295 351 sch.
1318 318 1365 359 3,
1394 318 1434 352 11
1448 341 1461 360 ,
1483 317 1542 353 26.
1569 292 1646 362 ejus

153 365 343 413 (Isocratis)
371 366 447 399 sch.
473 363 652 408 principes
676 368 859 398 oratorum
885 362 981 397 dedit
1004 365 1064 403 12,
1089 365 1146 407 10,
1170 365 1228 400 22,
1276 362 1357 407 111)
1380 365 1403 397 ι’.
1427 375 1459 408 q.
1486 365 1511 396 d
1520 366 1561 407 ἧς
1568 374 1592 408 p
1605 377 1644 396 ιι-

152 416 346 447 tationes
372 413 648 445 rhetoricae:
674 411 777 446 velut
802 415 965 457 regestae
990 408 1030 442 in
1053 411 1120 443 hos
1147 409 1423 444 commentarios
1447 409 1585 453 sch.'3‚
1609 414 1647 453 6,

109 502 413 548 scholasticus·
460 509 506 555 Ι)
538 512 581 545 tle
604 513 756 545 homine.-
796 512 879 545 dum
905 510 1108 546 scholastici
1134 523 1255 545 sumus
1280 525 1358 556 opp.
1383 513 1466 547 foro
1498 514 1563 555 12,
1589 514 1647 555 11,

154 563 210 597 16.
238 557 557 595 scholasticus
584 557 680 601 (Sp.
705 556 882 601 rusticus)
913 558 953 592 in
981 564 1167 603 utramque
1199 563 1334 603 partem
1368 558 1511 593 dubium
1537 557 1647 592 facit:

112 608 114 610 ’
152 607 306 642 disertus
330 611 366 639 et
388 603 510 639 verbis
538 603 736 639 inhaerebit
762 611 822 637 etc.
845 608 882 647 7,
907 607 940 648 1,
967 606 1010 640 57
1033 609 1076 639 Ζ.
1134 602 1195 648 11)
1221 606 1263 638 de
1285 608 1450 639 materia.-
1478 605 1517 638 in
1540 605 1649 638 30110-
1671 646 1678 650 .

151 653 287 687 lasticis
311 662 565 694 nonnunquam
589 651 724 691 evenit,
749 655 789 683 ut
812 661 877 694 pro
903 650 1106 686 narratione
1130 650 1176 684 sit
1201 651 1400 695 propositio
1423 649 1460 694 4,
1479 653 1516 693 2,
1537 651 1584 685 30
1599 651 1648 684 N.

154 699 201 742 cs.
228 702 264 743 7,
289 700 323 743 1,
352 698 417 741 14;
458 697 571 731 schol.
611 697 867 732 controversiis
889 695 925 741 4,
950 700 985 741 2,
1009 698 1068 732 92.
1096 698 1154 732 97.
1179 697 1256 730 sch.
1280 697 1427 731 materia
1450 699 1507 740 11,
1531 700 1566 741 1,
1588 697 1648 731 82.

111 756 313 801 Scientia.
352 764 390 809 α)
415 765 564 809 c.A‹1j..·
589 762 791 798 altissimam
818 764 1136 799 eruditionem
1160 775 1202 798 ac
1227 763 1477 799 scientiam
1508 767 1540 807 1,
1557 765 1593 807 4,
1611 765 1646 798 6.

156 825 209 849 sc.
234 812 352 849 civilis
382 815 424 853 2,
455 811 520 854 15,
546 813 602 845 33.
634 821 686 844 30.
714 816 832 855 potest
856 823 935 845 esse
960 816 1221 854 consummata,
1257 810 1396 845 etiamsi
1427 810 1516 844 nihil
1539 810 1647 844 faciat

158 863 195 902 2,
209 862 267 902 21,
285 857 343 893 24.
366 862 500 891 mutam
522 858 655 900 quand.
679 868 730 890 sc.
755 860 790 899 5,
811 860 867 900 10,
885 858 963 893 119.
988 869 1039 892 30.
1059 857 1208 892 trivialis
1235 858 1268 900 1,
1287 856 1323 899 4,
1341 860 1399 891 27.
1454 858 1498 902 β)
1526 869 1555 890 c.
1580 858 1647 890 Ge-

156 910 235 939 niu:
260 905 395 938 nullam
418 903 613 938 firmiorem
630 903 879 947 probationem
902 915 996 947 esse,
1020 915 1125 948 quam
1150 913 1240 948 quae
1259 902 1304 937 sit
1322 902 1506 937 hominum
1529 901 1648 936 scien-

158 952 207 986 tia
229 950 316 985 nixa
340 950 385 993 5,
408 952 451 991 7,
475 948 519 992 4,
572 959 751 983 armorum
774 961 825 983 sc.
849 951 893 991 8,
921 951 965 993 6,
993 951 1051 983 26.
1085 959 1197 994 prope
1224 949 1383 983 omnium
1413 948 1648 982 maximarum

160 997 289 1032 artium
315 1007 366 1030 sc.
390 997 428 1039 2,
455 998 489 1039 1,
511 994 547 1029 4.
573 994 772 1029 liberalium
801 995 1066 1040 disciplinarum
1093 1007 1143 1030 sc.
1168 998 1224 1048 1‘2,
1254 998 1310 1037 11,
1333 997 1389 1030 21.
1417 995 1506 1039 juris
1531 992 1649 1029 civilis

157 1055 209 1078 sc.
233 1049 270 1077 et
293 1053 434 1076 morum
459 1052 502 1075 ac
525 1041 739 1088 religionum
770 1042 860 1087 reip.
887 1046 949 1085 12,
973 1044 1016 1084 3,
1042 1045 1074 1076 1.
1103 1042 1191 1076 citra
1221 1040 1375 1085 justitiae
1406 1039 1589 1076 scientiam
1610 1043 1647 1083 2,

158 1093 216 1133 15,
244 1091 300 1124 29.
328 1100 379 1122 sc.
403 1087 557 1121 musices
583 1091 615 1130 1,
647 1091 703 1131 10,
727 1090 783 1122 33.
810 1099 858 1123 30.
885 1088 1043 1123 civilium
1067 1088 1268 1122 officiorum
1291 1090 1328 1130 2,
1353 1088 1410 1131 15,
1435 1087 1492 1126 36,
1521 1097 1571 1120 sc.
1596 1085 1649 1119 di-

157 1137 325 1171 vinarum
350 1137 653 1179 humanarumque
671 1146 791 1168 rerum
818 1137 881 1178 12,
906 1138 948 1178 2,
972 1136 1008 1170 8.
1043 1134 1090 1176 cs.
1117 1136 1174 1177 10,
1200 1137 1232 1177 1,
1255 1135 1319 1176 83,
1353 1144 1404 1168 sc.
1428 1131 1648 1167 declamandi

158 1185 193 1224 2,
220 1184 253 1224 1,
277 1184 311 1214 2.
339 1181 429 1214 bene
451 1179 593 1213 dicendi
626 1192 674 1214 sc.
701 1183 735 1223 2,
763 1179 820 1223 14,
846 1182 879 1215 5.
903 1184 940 1225 2,
964 1181 1021 1223 15,
1048 1179 1106 1215 34.
1130 1182 1164 1223 3,
1188 1182 1222 1223 3,
1247 1182 1306 1213 12.
1331 1179 1367 1223 5,
1393 1181 1450 1222 10,
1473 1179 1528 1214 54.
1553 1181 1589 1220 7,
1612 1179 1648 1221 3,

160 1229 195 1262 6.
225 1239 258 1260 v.
276 1225 407 1260 Dico.
433 1231 532 1259 recte
555 1225 765 1260 inveniendi
794 1233 830 1260 et
855 1226 1068 1271 disponendi
1096 1232 1133 1260 et
1156 1224 1347 1270 eloquendi
1367 1236 1428 1259 sce
1445 1225 1480 1268 5,
1507 1225 1563 1265 10,
1588 1223 1648 1258 54.
1702 1240 1706 1245 >-

161 1272 204 1314 cs.
230 1276 265 1314 7,
290 1274 324 1312 3,
352 1274 407 1304 12.
434 1282 486 1304 30.
513 1276 611 1305 recte
635 1272 804 1315 loquendi
831 1275 862 1312 1,
886 1272 923 1315 4,
949 1276 981 1306 1.
1005 1283 1056 1306 30.
1082 1272 1206 1305 orandi
1233 1274 1264 1315 1,
1290 1273 1404 1312 10,,2.
1428 1281 1478 1304 sc.
1503 1270 1649 1314 petendi

161 1318 365 1352 consuimus
391 1319 462 1358 11;
482 1319 498 1349 1
515 1340 526 1359 ,
549 1317 606 1351 69.
634 1327 684 1350 30.
709 1317 963 1360 pronuntiandi
987 1320 1030 1360 1,
1055 1321 1120 1359 11,
1146 1321 1181 1350 1.
1210 1328 1258 1351 sc.
1285 1321 1383 1351 recte
1407 1315 1586 1349 scribendi
1614 1318 1647 1358 1,

162 1368 197 1407 7,
223 1367 255 1397 1.
280 1373 330 1396 30.
348 1361 496 1396 videndi
520 1367 555 1395 et
580 1362 708 1407 agendi
732 1362 769 1395 in
792 1363 1059 1406 quaestionibus
1083 1363 1248 1396 civilibus
1276 1365 1310 1404 2,
1340 1359 1396 1403 15,
1422 1363 1479 1396 19.
1524 1361 1562 1406 y)
1587 1373 1648 1404 per

161 1413 318 1452 singulo&
332 1420 450 1441 casus:
479 1406 539 1440 hic
565 1406 763 1450 (Critotaus)
784 1408 1058 1450 scientiam,
1089 1409 1171 1452 quia
1194 1407 1448 1451 Peripateticus
1473 1413 1539 1449 est,
1562 1418 1649 1450 non,

162 1462 203 1490 ut
226 1453 358 1495 Stoici,
381 1452 581 1489 virtutis
604 1454 687 1487 loco
712 1453 813 1498 ponit
838 1458 882 1498 2,
907 1455 970 1497 15,
998 1457 1056 1489 20.
1084 1454 1115 1488 si
1139 1454 1390 1488 scientiam
1422 1452 1647 1489 virtutem

159 1501 318 1546 judicant
344 1502 388 1533 ib.
417 1501 475 1533 36.
503 1498 646 1543 quidam
668 1500 872 1534 rhetoricen
897 1500 1040 1543 scient„
1065 1502 1129 1534 sed
1158 1511 1232 1534 non
1254 1499 1486 1535 virtutem
1510 1518 1558 1525 —-
1579 1510 1649 1532 no-

158 1547 385 1582 minaverunt
405 1547 448 1578 ib.
475 1547 509 1578 2.
536 1544 795 1579 scientiam
818 1546 854 1579 in
881 1546 1030 1580 testibus
1055 1551 1090 1580 et
1115 1545 1433 1592 religionem,
1455 1545 1649 1591 ingenia

160 1605 240 1628 esse
263 1593 301 1625 in
329 1589 544 1637 argumentis
571 1590 701 1624 dicitur
728 1593 768 1635 5,
792 1595 827 1634 7,
851 1593 909 1626 33.
933 1597 1065 1636 quanta
1086 1590 1131 1624 in
1158 1591 1341 1626 affectibus
1368 1590 1483 1625 omnis
1506 1587 1650 1636 {generis

158 1637 348 1674 movendis
371 1649 422 1671 sc.
450 1639 514 1679 10,
539 1639 581 1680 2,
611 1640 680 1679 27,
720 1639 851 1672 Genit..·
885 1648 1044 1682 eousque
1081 1636 1250 1671 scientiae
1281 1637 1450 1683 progredi
1471 1639 1518 1680 2,
1546 1639 1591 1679 1,
1613 1636 1648 1670 6.

160 1684 332 1730 quidquid
356 1685 402 1718 ad
430 1683 582 1726 aliquam
615 1689 751 1728 partem
777 1683 945 1718 scientiae
978 1684 1031 1727 (a.
1057 1688 1080 1718 1.
1104 1683 1320 1725 sententiae)
1343 1683 1498 1728 pertinet
1522 1684 1588 1724 10,
1613 1686 1648 1725 1,
1701 1678 1706 1683 “

157 1733 214 1765 42.
238 1732 328 1764 falsa
350 1741 402 1764 30.
426 1728 611 1773 persuasio
636 1734 668 1771 1,
691 1733 724 1772 1,
747 1731 781 1763 8.
807 1741 911 1774 quam
936 1742 1000 1774 per
1023 1740 1148 1763 omnes
1166 1740 1334 1763 numeros
1357 1728 1551 1773 penitus
1577 1737 1650 1762 co-

191 1787 396 1810 noscere
421 1776 465 1808 ad
489 1786 661 1808 suminam
687 1775 918 1810 scientiae
951 1776 1190 1810 necessarium
1221 1781 1275 1810 est
1302 1777 1346 1814 8,
1373 1776 1430 1809 Pr.
1457 1776 1497 1817 1,
1539 1777 1646 1808 Dat.:

157 1834 355 1867 impensam
378 1820 464 1855 huic
486 1832 535 1854 30.
561 1832 708 1864 operam
732 1822 907 1856 dederunt
933 1825 967 1864 1,
995 1824 1050 1864 10,
1081 1823 1139 1856 35.
1166 1822 1246 1865 plus
1275 1820 1511 1855 scientiae
1534 1821 1648 1855 colla-

158 1875 259 1903 turus
286 1879 391 1912 quam
417 1867 734 1911 eloquentiae
763 1871 818 1911 10,
846 1871 879 1911 1,
903 1869 967 1910 95;
995 1872 1140 1902 Aecus„-
1169 1878 1233 1909 sc.‚
1257 1878 1348 1911 quae
1372 1872 1520 1914 augetur
1546 1866 1648 1900 annis

161 1918 228 1957 12,
255 1917 320 1957 11,
344 1916 379 1946 2.
413 1923 592 1946 armorum
622 1913 806 1947 scientiam
842 1915 976 1948 habere
1003 1924 1078 1948 non
1108 1913 1192 1946 artis
1216 1914 1262 1956 8,
1287 1914 1330 1955 6,
1358 1915 1417 1947 26.
1447 1911 1646 1946 liberalium

160 1960 424 2004 disciplinarum
447 1970 531 2002 prae
555 1970 594 1991 se
609 1959 793 1992 scientiam
816 1961 896 1994 tulit
918 1963 973 2003 12,
991 1962 1048 2002 11,
1067 1961 1124 1993 21.
1150 1958 1400 1993 scientiam
1425 1957 1644 1991 declamandi

161 2018 202 2040 ac
226 2007 431 2039 facultatem
455 2004 596 2038 tradere
620 2008 654 2048 2,
682 2008 715 2047 1,
740 2009 782 2047 2,
814 2008 982 2040 Ablat:
1020 2011 1061 2038 ut
1084 2015 1158 2039 non
1180 2006 1313 2047 solum,
1342 2014 1434 2048 quae
1461 2005 1504 2037 ad
1526 2003 1646 2047 philo-

161 2053 294 2096 sophos
327 2057 432 2095 atque
463 2056 623 2084 oratores
658 2051 859 2094 pertinent,
899 2051 1047 2085 scientia
1080 2052 1377 2095 complecteretur
1403 2052 1466 2093 12,
1491 2053 1559 2092 11,
1584 2051 1645 2083 22.

157 2109 276 2141 neque
303 2108 357 2131 sc.
379 2097 487 2130 modo
511 2102 650 2130 constat
671 2102 802 2140 orator,
830 2098 894 2131 sed
919 2109 1052 2139 voce,
1075 2099 1249 2139 latere,
1273 2095 1522 2129 firmitate
1541 2097 1592 2129 db.
1609 2097 1647 2129 2.

160 2142 302 2178 dicendi
325 2142 435 2185 ratio,
474 2153 565 2185 quae
589 2153 713 2176 eorum
736 2155 787 2177 sc.
801 2168 812 2186 ,
843 2143 972 2188 quibus
995 2143 1080 2177 solis
1108 2142 1249 2186 quidam
1274 2153 1405 2176 nomen
1428 2141 1512 2176 artis
1536 2142 1645 2175 dede-

157 2195 258 2230 runt,
284 2188 461 2222 studiosos
485 2188 636 2221 instruat
658 2190 714 2222 Pr.
741 2192 798 2224 23.
824 2190 953 2222 horum
975 2200 1024 2223 sc.
1052 2188 1157 2222 debet
1185 2199 1265 2222 esse
1289 2188 1488 2222 succinctus
1513 2189 1580 2230 12,
1609 2187 1644 2229 5,

159 2238 192 2269 1.
222 2235 316 2268 inter
340 2234 557 2281 agendum
584 2246 763 2278 nunquam
787 2242 840 2268 est
864 2235 1050 2269 destitutus
1076 2246 1126 2268 sc.
1156 2234 1243 2277 juris
1271 2237 1324 2277 12,
1348 2237 1383 2277 3,
1408 2236 1464 2268 10.
1475 2235 1647 2267 'fructum‘

159 2291 208 2314 ex
236 2280 388 2313 animo
414 2290 480 2314 suo
505 2285 542 2313 et
565 2281 972 2324 contemplatione
1004 2291 1046 2314 ac
1078 2279 1296 2315 scientia
1322 2285 1420 2324 petet
1446 2283 1479 2322 1,
1503 2282 1560 2321 12,
1586 2279 1643 2312 18.

156 2327 229 2359 hoc
259 2337 369 2372 genus
402 2325 452 2369 (ί.
480 2338 510 2359 e.
536 2329 742 2370 quaestiones
765 2327 941 2369 infinitas)
973 2325 1102 2361 Cicero
1130 2325 1342 2361 scientia
1374 2330 1411 2360 et
1441 2324 1642 2370 actione

156 2371 340 2418 distinguit
362 2374 397 2414 3,
421 2374 456 2414 5,
480 2372 503 2406 6
528 2384 563 2405 υ.
582 2371 736 2407 Actio.
1564 2404 1572 2412 ,

111 2409 298 2457 Scilicet.
347 2425 390 2470 α)
422 2429 455 2460 ἰη
476 2430 694 2471 explicando:
720 2429 810 2462 Nam
832 2427 974 2474 quidam
990 2428 1098 2463 etiam
1116 2429 1154 2463 in
1174 2430 1256 2463 foro
1274 2433 1442 2473 tanquam
1463 2437 1540 2470 rem
1562 2413 1642 2460 :1¹10-

157 2474 281 2505 lestam
310 2478 345 2506 et
366 2472 526 2507 odiosam
549 2480 791 2517 praetereunt:
818 2481 853 2508 et
877 2475 921 2509 iis
946 2477 1176 2520 plerumque,
1201 2486 1291 2520 quae
1315 2473 1512 2518 composita
1533 2472 1642 2505 domo

156 2519 364 2568 attulerunt,
389 2519 559 2562 contenti,
585 2520 662 2554 sine
684 2520 890 2555 adversario
916 2522 1057 2556 dicunt:
1083 2527 1119 2555 et
1142 2533 1192 2555 sc.
1217 2522 1329 2554 multo
1350 2518 1461 2564 magis
1482 2517 1520 2551 in
1535 2517 1640 2550 scho-

155 2564 200 2614 1Ιὲ
227 2570 286 2596 ‘'¹⁶-
316 2566 349 2605 5·
368 2566 423 2606 13,
440 2565 496 2598 36.
543 2565 591 2598 At
616 2568 795 2610 quomodo
820 2566 1043 2601 inveniemus
1066 2568 1170 2602 etiam
1194 2567 1272 2601 illas
1295 2565 1508 2600 occultiores
1529 2573 1640 2605 qnae-

98 2638 103 2640 (
158 2608 316 2658 stiones}
340 2620 414 2659 30,
432 2612 612 2653 quomodo
635 2613 839 2653 sententias.
869 2613 981 2647 verba
1007 2621 1068 2648 etc.
1097 2614 1132 2655 7,
1154 2617 1186 2652 1,
1212 2612 1269 2647 40.
1293 2618 1501 2654 utrumque·
1529 2618 1639 2652 ‘1⁰³¹‘-

158 2664 262 2696 quam
285 2654 417 2686 diverffl
447 2661 633 2699 auctores,
670 2659 750 2691 eod.
777 2659 885 2692 modo
911 2659 1054 2701 finiunt,
1080 2671 1129 2693 sc.
1159 2659 1334 2692 rationem
1363 2666 1430 2699 per
1453 2665 1514 2694 0²²2
1545 2664 1638 2697 ‘1⁰30

156 2703 253 2731 certa
279 2704 379 2739 sunt,
403 2698 547 2733 incertis
574 2703 678 2735 fidem
704 2715 776 2737 non
803 2705 944 2738 dubiam
971 2706 1175 2738 afferentem
1203 2705 1271 2747 (sic
1293 2704 1372 2734 bene
1397 2707 1477 2744 opti.
1510 2701 1635 2742 Codd.;

153 2748 243 2785 vulg.
263 2745 348 2784 fin„
372 2748 410 2775 ut
438 2744 482 2776 sit
508 2746 600 2780 ratio
623 2765 666 2770 —
691 2749 858 2791 afferens)
889 2751 928 2791 5,
955 2752 1018 2791 10,
1046 2751 1069 2784 8
1092 2751 1138 2782 Ν.
1166 2762 1212 2781 cr.
1236 2755 1268 2781 et
1292 2749 1327 2780 S.
1369 2746 1468 2781 Ordo
1493 2755 1635 2789 quoque

153 2800 273 2824 rertun
295 2793 355 2822 aut
381 2788 505 2832 affert,
535 2797 594 2825 aut
618 2792 769 2827 detrahit
793 2795 918 2828 fidem:
951 2796 1063 2828 multo
1086 2805 1137 2828 sc.
1165 2793 1295 2840 magis,
1325 2804 1383 2827 res
1417 2797 1523 2838 prout
1547 2802 1637 2826 con-
