1728 3002
829 213 879 258 In
1537 219 1622 260 409

143 337 190 371 ib.
211 331 272 370 4³.
292 342 384 379 quae
406 336 489 367 sunt
510 330 552 366 iu
572 340 678 366 causa
699 333 757 375 12,
777 331 814 373 8,
836 332 872 365 1.
892 340 928 365 υ.
950 327 1109 366 Causa.
1135 326 1175 362 in
1194 326 1351 363 themate
1374 332 1443 373 est,
1467 327 1624 374 aliquem

145 381 326 427 postulare
348 380 393 422 9,
417 382 460 422 2,
487 379 553 420 853
586 377 625 412 in
647 372 842 420 a’vtavom'qt
865 378 902 419 7,
927 377 961 419 1,
987 376 1043 410 15.
1072 373 1111 409 in
1133 373 1292 408 α’ντωιατ
1340 376 1422 420 ορίᾳ
1443 377 1479 418 7,
1504 378 1539 418 2,
1562 377 1623 412 90.

146 426 195 470 ff.
221 427 256 468 9,
282 428 316 468 1,
341 425 385 468 ὃς
429 424 476 458 ἰιι
499 423 681 458 affectibus
704 434 784 457 cnm
808 421 972 456 omnibus
993 420 1116 462 mirus,
1137 425 1212 454 tum
1239 387 1361 464 iuva.
1372 425 1395 454 1.
1416 420 1500 464 om.)
1523 421 1624 455 iis—

146 471 360 518 praecipuus
387 472 443 513 10,
467 472 500 512 1,
522 470 579 504 68.
607 468 644 503 in
667 475 790 503 nostra
818 467 1025 502 credulitate
1047 467 1082 509 6,
1105 465 1142 509 4,
1165 467 1200 501 8.
1232 472 1271 499 ut
1292 466 1331 500 in
1353 467 1420 500 hac
1444 467 1627 513 diligentia

147 517 306 552 deterior
322 517 385 551 fiat
409 515 522 551 oratio
546 516 582 559 8,
608 516 665 549 Pr.
690 518 748 549 22.
784 520 889 548 atrox
915 513 954 548 in
977 512 1032 547 ira
1055 511 1148 557 (vox)
1178 514 1235 554 11,
1258 513 1294 554 3,
1316 513 1372 547 63.
1408 512 1446 547 in
1469 520 1566 548 metu
1590 520 1627 548 et

145 561 366 600 verecundia
388 566 569 596 contracta
600 560 711 605 (vox)
747 563 790 594 ib.
815 560 874 595 64.
924 569 1161 603 compressam
1183 569 1326 591 manum
1346 558 1385 592 in
1409 559 1629 603 poenitentia

145 611 209 646 vel
230 609 287 643 ira
317 607 371 651 (α.
394 611 416 640 1.
438 607 476 641 in
499 606 638 654 signum
662 606 904 651 poenitentiae
926 617 964 643 v.
987 604 1078 647 irae)
1103 607 1144 638 11
1158 629 1170 647 ,
1194 606 1236 646 3,
1262 602 1330 638 104
1352 605 1399 638 Ν.
1429 618 1476 638 cr.
1510 605 1548 639 in
1572 606 1628 639 di-

146 666 255 691 versa
277 653 447 699 opinione
469 652 580 687 fuisse
605 656 638 696 1,
666 655 700 696 5,
725 654 781 688 39.
816 652 854 686 ἰιι
877 652 989 685 arduo
1015 661 1096 695 spes
1119 655 1174 684 est
1198 653 1239 693 1,
1265 652 1328 694 10,
1352 651 1388 685 8.
1426 651 1564 686 laudari
1589 652 1628 686 in

146 700 254 736 bonis
277 701 312 743 5,
336 702 393 742 12,
416 701 475 733 22.
508 699 579 733 hoc
601 698 640 733 in
662 698 775 742 planis
799 700 832 742 1,
858 700 914 740 10,
937 696 995 732 45.
1040 694 1082 739 b)
1105 709 1136 730 c.
1159 699 1335 730 Pronom..·
1369 695 1408 730 in
1430 697 1486 731 his
1511 699 1630 732 omni-

146 747 216 781 buz
239 748 297 789 11,
326 747 361 788 3,
389 746 466 779 133.
490 743 528 778 in
542 743 611 788 bis,
635 745 679 778 de
706 744 833 789 quibus
856 744 924 778 erit
947 741 1122 788 quaestio,
1147 752 1237 786 opus
1254 753 1339 777 ‘esse
1363 750 1426 778 etc.
1451 746 1507 786 10,
1521 746 1554 786 1,
1569 745 1629 780 33.

146 791 188 826 in
209 793 280 827 hoc
303 790 436 835 optime
463 790 597 825 facient
620 793 676 830 10,
700 792 734 834 5,
760 793 816 829 11.
842 796 882 823 nt
904 789 942 823 in
968 790 1039 822 hoc
1064 789 1100 830 9,
1125 786 1160 830 4,
1183 789 1241 823 97.
1265 801 1298 822 υ.
1321 787 1420 822 Hic.
1446 789 1483 823 in
1508 789 1563 824 his
1583 809 1630 816 -—

147 837 187 873 in
214 837 286 872 illis
310 839 344 879 5,
368 840 404 880 7,
428 838 485 870 33.
513 837 607 880 quod
629 836 725 870 idem
748 835 877 870 accidit
898 835 937 869 in
960 835 1037 878 illo,
1062 834 1197 876 Troiae
1221 840 1283 868 etc.
1310 837 1345 878 1,
1369 837 1404 877 5,
1424 838 1482 870 27.
1510 836 1548 870 in
1572 846 1630 878 eo,

148 884 248 927 cujus
274 882 388 916 libera
413 882 560 916 mutatio
585 888 659 923 est,
692 882 753 915 diu
779 887 883 927 roget
905 887 942 915 et
964 881 1111 915 suadeat
1132 882 1169 921 7.
1191 878 1242 923 4„
1252 881 1310 914 30.
1344 880 1524 926 Quantum
1547 892 1633 926 pos-

150 929 224 970 sis,
254 928 293 962 in
316 938 361 962 eo
388 939 529 972 semper
555 927 745 971 experire,
775 933 816 961 ut
845 925 972 971 prosis.
997 927 1040 969 9,
1065 927 1110 968 3,
1134 925 1192 960 76.
1227 937 1347 959 rerum
1372 932 1498 961 natura
1521 927 1560 961 in
1588 938 1633 962 eo

151 985 228 1008 uon
248 984 377 1018 parens
399 974 463 1006 sed
487 983 643 1007 noverca
666 973 775 1006 filerit
799 976 856 1014 12,
874 976 906 1007 1.
920 975 956 1006 2.
980 971 1028 1006 in
1052 982 1200 1015 eoque
1223 971 1402 1006 vincimur
1428 975 1484 1015 12,
1498 976 1554 1016 10,
1573 975 1632 1008 38.

152 1021 285 1053 elatum
314 1018 475 1062 spiritum
501 1019 747 1062 deprehendas
770 1024 805 1052 et
829 1018 864 1051 in
886 1018 930 1051 iis
955 1020 1012 1060 10,
1036 1020 1071 1060 1,
1092 1016 1171 1050 104.
1196 1017 1356 1061 sequitur
1378 1017 1416 1051 in
1438 1018 1482 1052 iis
1504 1035 1549 1044 —
1574 1020 1636 1053 de-

152 1064 280 1105 formis
303 1063 496 1108 pertinacia
521 1067 585 1106 12,
617 1067 634 1097 1
650 1090 660 1107 ,
694 1066 750 1098 13.
795 1065 837 1097 ln
861 1073 932 1107 quo
956 1069 1009 1097 est
1034 1069 1070 1097 et
1090 1062 1152 1096 illa
1175 1062 1347 1110 digressio
1376 1064 1412 1106 9,
1438 1067 1476 1107 2,
1499 1065 1556 1099 55.
1596 1065 1635 1099 in

153 1121 226 1155 quo
249 1110 475 1144 incommoda
498 1109 642 1144 vitantis
667 1109 795 1144 melior
818 1115 872 1144 est
895 1120 1001 1143 causa
1025 1111 1061 1152 7,
1083 1107 1118 1146 4.
1142 1109 1199 1142 10.
1234 1108 1273 1143 in
1292 1119 1363 1153 quo
1386 1108 1436 1143 ita
1458 1110 1638 1155 loquimur

154 1159 199 1200 9,
223 1158 267 1199 1,
291 1158 349 1189 12.
394 1156 436 1188 In
463 1166 534 1199 quo
561 1154 730 1189 dissentio
762 1155 809 1198 9,
831 1154 877 1196 4,
901 1157 958 1190 55.
997 1154 1036 1188 in
1059 1153 1189 1198 quibus
1211 1154 1331 1188 dicant
1354 1155 1508 1199 aliquid,
1542 1158 1638 1201 quod

152 1201 267 1246 prosit
287 1201 320 1238 5.
342 1204 378 1244 7,
401 1202 459 1235 30.
492 1201 684 1246 probabilis
706 1201 744 1235 in
769 1201 944 1242 omnibus,
967 1200 1034 1234 sed
1059 1199 1099 1233 in
1121 1199 1332 1243 quibusdam
1354 1201 1428 1235 suis
1449 1202 1526 1246 ipse
1548 1203 1639 1238 viri-

154 1249 222 1282 bus
241 1245 360 1281 minor
386 1249 442 1286 10,
469 1249 504 1289 1,
525 1248 603 1281 103.
628 1245 667 1281 in
690 1246 818 1281 ceteris
845 1249 878 1288 1,
892 1247 927 1289 5,
941 1244 997 1281 64.
1020 1246 1058 1288 8,
1073 1246 1155 1289 3,2.
1183 1245 1223 1279 in
1245 1245 1366 1290 primis
1389 1259 1423 1282 v.
1447 1247 1638 1284 Primus.

155 1291 192 1336 c)
218 1305 248 1327 ο.
270 1303 434 1336 persona.-
457 1297 555 1326 tanta
576 1292 616 1326 in
638 1303 683 1327 eo
706 1292 763 1327 vis
790 1297 843 1327 est
865 1294 922 1334 10,
947 1294 981 1333 1,
1010 1290 1089 1325 114.
1124 1291 1251 1325 eadem
1273 1291 1311 1325 in
1334 1291 1392 1335 iis,
1419 1304 1486 1337 pro
1511 1294 1638 1338 quibus

155 1348 322 1386 agemus,
345 1338 570 1372 observanda
593 1344 675 1372 sunt
711 1340 778 1382 11,
814 1341 833 1372 1
848 1363 861 1381 ,
893 1337 953 1372 42.
995 1335 1035 1370 in
1057 1336 1102 1370 iis
1131 1338 1272 1371 demum
1294 1337 1452 1372 Atticum
1476 1351 1641 1384 saporem

156 1389 283 1428 putent
306 1385 361 1424 12,
386 1385 444 1427 10,
468 1386 524 1419 25.
562 1383 600 1418 in
624 1384 688 1418 illo
715 1383 886 1418 credibile
910 1393 986 1417 non
1008 1387 1062 1417 est
1087 1382 1124 1426 4,
1152 1385 1189 1426 2,
1215 1386 1297 1418 107.
1345 1385 1442 1419 Huic
1465 1386 1580 1421 simile
1603 1387 1642 1422 in

156 1430 243 1475 illo,
266 1429 310 1463 de
334 1440 405 1474 quo
427 1441 532 1474 supra
555 1429 630 1463 dixi
653 1431 688 1473 8,
712 1432 748 1474 5,
772 1432 830 1468 23,
864 1435 901 1463 et
923 1429 963 1462 in
989 1429 1117 1462 eodem
1141 1429 1177 1471 8,
1202 1431 1237 1470 3,
1261 1432 1306 1463 22
1334 1432 1381 1463 N.
1418 1430 1455 1464 in
1479 1433 1550 1466 hoc
1578 1434 1643 1467 de-

158 1475 284 1509 sidiam
305 1485 485 1518 nunquam
509 1476 666 1511 verebor
691 1479 708 1509 1
724 1501 736 1519 ,
760 1477 803 1519 3,
836 1476 872 1510 8.
918 1475 1015 1508 idem
1038 1474 1171 1507 dictum
1194 1485 1301 1519 saepe
1324 1475 1361 1509 in
1385 1477 1456 1510 alio
1479 1477 1643 1522 liberum,

99 1559 101 1562 ¹
158 1520 198 1555 in
218 1521 291 1554 alio
314 1521 489 1555 fun‘osum
513 1529 572 1555 etc.
596 1527 651 1556 est
675 1523 731 1564 11,
757 1524 791 1564 1,
816 1523 874 1555 37.
906 1526 1020 1555 totum
1043 1519 1082 1553 in
1103 1530 1177 1554 uno
1200 1521 1294 1554 diem
1318 1530 1568 1558 consumturus
1591 1532 1644 1559 est

161 1570 179 1602 1
195 1593 206 1610 ,
229 1569 270 1609 2,
296 1569 360 1609 113
399 1566 457 1600 cui
488 1565 687 1611 (Homero)
715 1566 935 1602 validissima
961 1577 1125 1610 quaeque
1156 1566 1274 1600 forma
1307 1567 1412 1602 etiam
1438 1569 1478 1603 in
1502 1570 1645 1605 feminis

157 1613 275 1659 placet
303 1615 364 1655 12,
393 1615 456 1654 10,
483 1613 517 1647 5.
549 1614 641 1647 haec
662 1623 735 1647 non
763 1612 976 1659 negligenda
998 1613 1036 1645 in
1062 1611 1137 1645 filio
1162 1611 1295 1655 suo'l,
1325 1616 1368 1656 1,
1395 1617 1452 1648 22.
1487 1618 1584 1663 quod
1606 1617 1646 1650 in

161 1657 413 1705 gladiatoribus
435 1658 514 1692 fieri
538 1661 600 1701 10,
625 1661 664 1702 5,
688 1661 745 1693 20.
783 1660 914 1691 dabunt
936 1657 1024 1692 mihi
1049 1657 1201 1702 aliquam
1224 1658 1262 1691 in
1284 1659 1481 1704 irascente,
1518 1664 1648 1706 depre-

163 1709 267 1737 cante
289 1703 438 1750 figuram
460 1705 497 1746 9,
521 1706 538 1738 1
554 1730 566 1747 ,
588 1705 646 1739 25.
682 1703 721 1737 in
743 1704 933 1748 juvenibus
955 1703 1123 1737 uberiora
1149 1705 1314 1738 feruntur
1338 1709 1394 1748 11,
1421 1710 1454 1748 1,
1483 1709 1541 1742 32.
1575 1708 1649 1743 illic

161 1749 1553 1842 3322‘1-2ffisst2mzss22‘ffiPm“.‘¹g.⁸·¹;{¹.2.1¹.⁰553.¹1‘.²;²33222135“¹7m’7‘’fessffijss
1571 1766 1650 1833 ‘¹¹33

319 1819 328 1828 ο
391 1820 400 1828 ι
529 1817 538 1827 ι
1219 1822 1230 1838 ,
1279 1821 1290 1833 o
1341 1821 1350 1830 ο

165 1847 332 1872 sermone
357 1845 438 1872 sunt
461 1840 598 1883 (gestus)
625 1844 680 1883 11,
704 1844 739 1883 3,
762 1842 819 1876 66.
853 1848 894 1875 ut
917 1841 957 1874 in
979 1847 1142 1884 suspecta
1164 1853 1258 1874 nuru
1279 1843 1314 1884 9,
1337 1845 1372 1885 2,
1402 1845 1460 1878 69.
1494 1856 1542 1878 ne
1566 1812 1650 1889 qlitid

166 1883 206 1917 in
227 1888 370 1933 oratore
397 1895 534 1920 summo
558 1886 778 1920 desideretur
803 1889 870 1929 12,
895 1890 959 1929 11,
983 1889 1017 1919 2.
1065 1896 1136 1930 quo
1160 1888 1278 1920 nullus
1303 1894 1357 1921 est
1379 1887 1418 1921 in
1444 1896 1587 1924 oratore
1611 1903 1652 1924 a-

116 1951 118 1953 >
167 1927 285 1963 tutior
307 1928 445 1970 (gradus
461 1932 659 1963 accendendi
673 1930 813 1974 judicis)
838 1935 895 1974 11,
915 1932 1042 1974 3,166.
1066 1944 1100 1964 v.
1128 1931 1306 1966 Orator.
1344 1945 1436 1977 quae
1460 1935 1652 1980 (memoria)

167 1974 239 2019 jam
262 1978 317 2007 est
341 1973 381 2006 in
402 1973 523 2016 parvis
549 1977 589 2017 1,
614 1977 656 2016 1,
682 1977 737 2010 19.
773 1977 886 2028 figura
908 1977 946 2009 in
967 1982 1068 2019 patre
1092 1977 1172 2020 plus
1197 1978 1303 2020 facit,
1343 1991 1448 2023 quam
1473 1980 1579 2022 licet,
1612 1983 1652 2017 in

169 2019 244 2053 filio
267 2017 362 2061 ((1.1.
387 2023 522 2062 patrem
543 2035 588 2043 —
612 2019 744 2061 filium)
769 2032 885 2054 minus
908 2022 951 2063 9,
973 2024 1018 2062 2,
1041 2022 1087 2055 88
1111 2023 1158 2055 N.
1184 2035 1230 2056 cr.
1277 2035 1383 2066 ‹suam
1413 2024 1652 2069 (munionem)

170 2066 208 2100 in
231 2062 388 2098 Curione
412 2069 513 2108 patre
535 2063 643 2098 irrisit
671 2066 728 2107 11,
751 2067 786 2108 3,
812 2067 890 2103 129.
917 2065 956 2099 in
978 2066 1102 2109 paucis
1124 2071 1228 2111 atque
1252 2067 1443 2103 humilibus
1468 2080 1654 2108 accusator

171 2109 394 2154 simplicitate
417 2109 560 2155 gloriari
583 2115 699 2154 potest
722 2110 757 2152 5,
780 2114 815 2153 7,
842 2110 900 2144 24.
933 2110 977 2143 in
999 2121 1155 2154 paupere
1180 2112 1313 2158 gratior
1337 2126 1441 2158 quam
1466 2116 1513 2151 in
1540 2119 1653 2154 divite

172 2154 390 2199 (liberalitas)
412 2158 448 2197 7,
471 2154 508 2198 4,
533 2157 591 2189 23.
625 2154 715 2188 nihil
737 2155 775 2189 in
796 2155 912 2199 poetis
939 2167 1045 2199 supra
1066 2156 1210 2190 Livium
1232 2158 1478 2195 Andronicum
1499 2164 1654 2199 habere-

173 2213 251 2235 mus
277 2202 332 2243 10,
358 2204 393 2242 2,
420 2204 453 2235 7.
490 2211 558 2234 nec
579 2212 637 2234 me
663 2201 851 2236 offenderit
872 2202 971 2235 lusus
996 2201 1034 2234 in
1058 2202 1176 2245 pueris
1206 2205 1247 2246 1,
1272 2206 1314 2247 3,
1341 2207 1396 2240 10.
1428 2207 1475 2248 cs.
1498 2212 1533 2250 2,
1557 2209 1593 2252 4,
1616 2210 1651 2246 4,

174 2254 214 2282 ut
236 2247 274 2280 in
301 2245 420 2289 pueris
444 2246 705 2292 aegrotantibus
731 2249 798 2289 12,
827 2250 870 2289 1,
897 2248 954 2282 38.
999 2257 1044 2280 an
1068 2249 1165 2290 quod
1191 2247 1237 2282 in
1262 2260 1335 2284 uno
1359 2258 1395 2286 et
1423 2251 1471 2287 in
1493 2257 1654 2299 pluribus

176 2293 255 2336 (jus
279 2291 345 2334 sit)
371 2294 416 2333 7,
439 2293 483 2334 8,
508 2294 551 2333 ὃς
587 2293 683 2336 quod
706 2291 744 2325 in
768 2291 944 2327 Cicerone
968 2292 1197 2336 praecipuum
1221 2300 1275 2328 est
1299 2296 1341 2339 5,
1367 2299 1431 2342 13,
1456 2301 1514 2335 52.
1554 2309 1594 2336 ut
1616 2303 1655 2337 in

178 2338 253 2372 Cic.
285 2343 345 2370 etc.
371 2340 437 2380 11,
461 2339 501 2379 2,
526 2339 582 2372 31.
620 2338 687 2373 vix
709 2337 748 2371 in
771 2338 896 2373 Coelio
921 2337 1107 2372 tolerabile
1136 2342 1175 2381 1,
1199 2339 1241 2383 6,
1265 2339 1322 2375 43.
1358 2342 1404 2384 ff.
1431 2347 1485 2388 10,
1514 2349 1547 2390 1,
1575 2351 1655 2383 115,

179 2383 281 2427 Quae
306 2382 421 2416 virtus
448 2382 479 2415 si
501 2394 615 2427 usque
642 2384 685 2416 ad
709 2394 790 2417 eum
812 2384 850 2418 in
870 2385 969 2417 nullo
995 2389 1136 2427 reperta
1162 2391 1238 2428 est,
1263 2397 1305 2421 ac
1325 2399 1373 2423 ne
1399 2389 1444 2423 in
1468 2393 1548 2435 ipso
1577 2394 1657 2438 qui-

179 2430 273 2470 dem,
300 2433 359 2461 aut
375 2429 418 2463 L.
440 2425 522 2471 (al.
537 2428 590 2470 in)
615 2428 743 2463 Crasso
767 2430 809 2472 8,
835 2431 892 2463 Pr.
920 2428 964 2463 14
987 2430 1094 2464 N.'cr.
1123 2430 1160 2463 in
1174 2431 1362 2468 Herodoto
1385 2437 1505 2471 omnia
1530 2439 1658 2474 leniter

179 2474 292 2507 fluunt
313 2474 348 2515 9,
370 2472 406 2516 4,
432 2474 486 2508 18.
519 2474 557 2508 in
581 2474 800 2519 quibusdam,
827 2481 867 2508 ut
889 2475 926 2508 in
941 2475 1071 2510 Paride
1094 2475 1260 2511 traditum
1284 2485 1350 2523 est,
1376 2483 1556 2526 praedicta
1578 2497 1659 2529 per.

180 2519 293 2554 nicies
316 2520 352 2561 3,
375 2522 410 2561 7,
437 2520 493 2554 19.
525 2521 617 2554 hanc
639 2520 714 2555 vim
736 2520 774 2554 in
796 2521 935 2555 Pericle
958 2521 1105 2555 miratur
1130 2521 1276 2567 Eupolis
1304 2528 1369 2570 12,
1394 2530 1458 2571 10,
1479 2531 1536 2564 65.
1577 2532 1659 2565 dili-

181 2565 302 2611 gentia
327 2575 368 2598 ac
391 2565 500 2598 decor
522 2565 560 2599 in
588 2567 770 2610 Polycleto
792 2560 898 2610 supra
922 2572 1063 2601 ceteros
1086 2569 1132 2601 ib.
1148 2571 1171 2603 7
1180 2580 1190 2612 ς
1222 2571 1320 2614 ¹quod
1352 2579 1407 2607 est
1439 2575 1580 2610 facilius
1612 2577 1660 2611 jn

180 2611 290 2654 Apris
314 2616 350 2644 et
376 2609 423 2643 in
446 2610 565 2654 Ursis,
590 2618 625 2645 et
650 2613 792 2647 Nasone
815 2618 874 2646 aut
889 2611 1015 2656 Crispo
1041 2615 1105 2656 11,
1127 2615 1170 2656 2,
1193 2616 1251 2650 31.
1295 2615 1343 2660 d)
1368 2631 1397 2653 c.
1420 2621 1568 2655 Gemma,
1583 2637 1594 2656 ‚-
1620 2622 1658 2656 in

183 2656 382 2690 accusando
406 2658 470 2699 10,
498 2660 539 2699 1,
567 2659 647 2692 115.
678 2657 719 2692 in
741 2659 880 2705 agendo
905 2660 968 2701 12,
991 2659 1036 2699 9,
1063 2659 1096 2692 1.
1132 2661 1187 2702 12,
1213 2663 1268 2705 10,
1290 2661 1348 2698 49.
1385 2664 1430 2706 cs.
1462 2669 1518 2710 11,
1543 2658 1576 2710 i,
1600 2670 1659 2703 29.

185 2701 222 2735 in
245 2701 478 2743 blandiendo,
506 2703 673 2744 fatendo,
696 2703 969 2746 satisfaciendo,
996 2705 1156 2750 rogando
1182 2708 1245 2749 11,
1270 2710 1311 2750 3,
1337 2709 1393 2743 63.
1435 2711 1472 2745 in
1499 2713 1660 2748 deflenda

186 2758 276 2780 nece
305 2750 345 2780 11
360 2772 371 2789 ,
392 2749 435 2790 3,
458 2749 493 2782 8.
531 2748 570 2781 in
594 2748 746 2783 dicendo
769 2750 814 2792 6,
838 2752 883 2792 3,
909 2750 966 2783 19.
1000 2752 1055 2792 10,
1080 2751 1114 2792 6,
1135 2750 1169 2784 4.
1203 2751 1242 2786 in
1265 2753 1430 2789 dictando
1460 2759 1515 2800 10,
1543 2761 1565 2793 3
1602 2763 1657 2795 22.

187 2792 227 2826 in
253 2793 424 2828 discendo
451 2797 507 2839 12,
532 2797 566 2839 3,
590 2797 622 2830 2.
651 2797 708 2840 12,
733 2796 768 2840 8,
793 2795 850 2830 14.
882 2795 962 2843 plus
985 2794 1022 2830 in
1039 2795 1211 2844 eligendis
1235 2811 1340 2844 quam
1362 2800 1400 2837 in
1426 2785 1661 2851 congerendis
