1728 3002
175 218 256 279 558
688 235 815 293 Nego
851 261 907 272 —
923 220 929 222 ⁴
945 235 1178 295 Negotium

219 353 256 393 7,
278 352 317 403 2,
337 350 383 386 29
406 349 475 393 Ν.;
514 361 562 385 ne
587 350 614 385 1.
639 361 844 386 sermonem
868 353 926 396 10,
952 355 989 396 7,
1013 353 1071 388 28.
1094 363 1130 388 ι.
1159 352 1262 388 stilus
1284 355 1321 398 2,
1343 351 1381 398 4,
1406 355 1462 389 ta.
1482 327 1725 403 negligentior

178 410 179 413 ¹
220 402 369 431 amictus
394 398 450 439 11,
476 398 510 440 3,
536 400 554 431 1
581 400 617 432 7.

172 440 312 497 Nego·
360 451 390 495 1)
415 457 549 497 proprie
580 455 790 488 in'dicemlo.
832 452 870 496 α)
896 456 975 490 Lex
998 461 1054 490 est
1079 462 1142 490 etc.
1166 457 1305 501 Negat;
1339 455 1410 490 nisi
1435 455 1464 490 si
1488 446 1589 501 nater
1613 457 1722 492 abso-

218 501 313 533 lutus
342 499 387 532 sit
407 501 441 542 5,
470 503 525 544 10,
551 502 630 535 107.
680 499 813 546 Quaeri
837 502 948 545 solet,
981 513 1027 535 an
1051 509 1114 536 etc.
1137 502 1280 549 Negant
1303 501 1400 536 enim
1428 502 1570 547 quidam
1598 506 1630 546 1,
1660 506 1719 547 12,

219 549 254 580 1.
303 546 502 593 Negabunt.
533 549 591 589 12,
618 549 674 589 10,
701 550 758 580 22.
786 547 864 591 quis
889 548 1020 595 negat?
1057 550 1090 591 1,
1116 548 1152 592 6,
1183 551 1241 583 22.
1275 549 1310 589 8,
1349 551 1384 590 3,
1414 550 1448 584 9.
1482 559 1563 583 cum
1601 555 1723 595 posset

218 593 334 636 palam
359 603 545 639 negare,
586 592 718 634 Credo,
742 593 923 637 inquit,
951 599 986 628 et
1009 605 1136 629 verum
1162 600 1216 628 est
1242 594 1278 637 6,
1302 595 1337 637 3,
1364 593 1422 630 94.
1446 607 1480 629 υ.
1514 595 1617 638 Aio.
1642 596 1720 629 Fa-

216 644 336 672 teor.
367 637 629 673 Confiteor.
688 638 777 674 Cum
802 641 989 683 pariter
1016 646 1218 687 negatur
1239 641 1311 674 hoc
1338 641 1466 675 modo.-
1493 641 1719 676 Adulterium

218 695 293 718 non
318 685 498 719 commisi:
549 693 610 719 etc.
635 687 678 718 In
707 685 826 719 caedis
849 697 890 720 ac
913 687 1082 722 veneficii
1107 686 1224 720 causis
1247 687 1419 730 frequens
1438 692 1491 721 est
1515 685 1575 722 illa
1600 687 1722 721 divi-

217 731 314 773 sio,
352 733 434 765 Non
460 737 514 766 est
537 733 686 765 factum:
724 738 771 774 et,
797 732 827 766 si
852 738 906 766 est
931 734 1079 775 factum,
1106 743 1174 780 ego
1199 742 1275 766 non
1302 733 1386 766 feci.
1412 736 1446 776 7,
1471 736 1506 775 2,
1531 736 1596 776 113
1632 727 1724 767 con'-

216 777 324 811 traria
349 783 402 811 est
429 778 573 823 neganti
596 778 836 813 confessionis
861 779 1040 813 simulatio
1068 780 1103 822 6,
1138 782 1172 822 3,
1199 780 1258 814 81.
1280 789 1424 823 semper
1459 778 1553 813 enim
1577 780 1722 826 neganti

217 825 364 868 aliquod
389 834 522 858 nomen
547 835 626 859 esse
655 824 862 864 dicendum.
903 827 999 870 quod
1029 825 1074 859 sit
1097 825 1216 869 potius
1241 827 1277 867 7,
1302 826 1338 868 3,
1362 826 1395 859 8.
1423 825 1576 872 negandi
1601 826 1721 870 dupli-

216 881 295 904 cem
323 870 544 904 ostendimus
567 871 737 904 formam:
767 877 826 904 aut
851 882 926 905 non
951 883 1029 905 esse
1059 872 1203 910 factum,
1229 875 1288 905 aut
1313 881 1386 904 non
1404 872 1474 905 hoc
1499 882 1592 915 esse,
1623 872 1721 916 quod

217 916 351 950 factum
377 917 422 950 sit
451 917 485 959 5,
511 919 568 960 13,
595 920 628 951 7.
677 917 833 964 negandi
858 917 1078 952 verecundia
1100 919 1158 952 Pr.
1184 919 1217 951 3.
1253 916 1462 951 adverbium
1495 927 1576 964 neg.
1615 919 1650 960 1,
1686 919 1722 962 5,·

218 964 277 998 50.
302 963 552 997 refutatio
577 974 658 996 cum
688 963 733 996 sit
755 963 793 997 in
820 965 1043 1011 negando
1071 971 1131 996 etc.
1155 964 1191 1006 6,
1215 964 1250 1007 3,
1276 965 1333 998 72.
1377 963 1450 1005 illa,
1476 973 1568 1007 quae
1592 962 1722 998 dicitur

216 1020 236 1042 a
264 1010 429 1053 negando
454 1008 623 1052 (figura),
651 1021 756 1053 quam
771 1010 934 1044 nonnulli
957 1006 1179 1052 ιίντίφρασιν
1203 1015 1337 1045 vocant
1358 1010 1394 1052 9,
1413 1013 1446 1051 2,
1464 1009 1523 1044 47.
1543 1022 1577 1043 v.
1594 1010 1721 1044 Men-

217 1055 332 1089 tior.
379 1054 422 1099 β)
454 1069 481 1088 c.
512 1056 609 1099 Obj..·
646 1067 729 1089 cum
753 1074 798 1081 -
823 1056 1198 1102 interrogasset,
1237 1066 1283 1090 an
1317 1055 1348 1089 is
1388 1061 1535 1100 accepta
1570 1055 1724 1100 pecunia

215 1113 330 1145 remp.
354 1101 560 1145 proditurus
589 1102 708 1135 esset?
741 1101 843 1146 isque
868 1102 904 1136 id
929 1107 1154 1149 negasset
1182 1102 1216 1144 5,
1250 1104 1306 1144 12,
1333 1103 1389 1135 10.
1425 1107 1478 1145 ut,
1513 1103 1610 1147 quod
1651 1102 1723 1137 di-

218 1159 325 1182 cere
350 1158 423 1181 non
447 1149 548 1191 vult,
584 1159 755 1195 negare
780 1159 852 1182 non
876 1147 989 1193 possit
1013 1150 1046 1191 5,
1071 1150 1104 1189 7,
1127 1150 1183 1183 17.
1209 1159 1243 1182 v.
1273 1148 1401 1183 Dico.
1446 1147 1564 1192 ipsum
1591 1149 1724 1186 adver—

216 1193 350 1235 sarium
378 1195 552 1238 quaedam
577 1205 651 1228 non
679 1200 890 1240 negaturum
917 1197 972 1237 12,
999 1195 1034 1237 8,
1062 1196 1116 1228 11.
1141 1194 1237 1238 quod
1271 1204 1354 1228 raro
1379 1195 1581 1241 negandum
1607 1200 1663 1229 est
1683 1197 1728 1239 7,

216 1239 253 1282 4,
279 1242 334 1274 37.
381 1239 418 1273 in
442 1240 509 1282 iis,
546 1251 636 1284 quae
662 1239 786 1286 negari
810 1251 884 1275 non
910 1239 1092 1285 potuerint
1118 1238 1157 1283 4,
1189 1243 1222 1283 1,
1257 1238 1314 1284 45,
1362 1246 1636 1287 negeturne
1664 1241 1728 1274 fa-·

217 1292 332 1328 ctum,
358 1296 406 1319 an
430 1286 729 1319 defendatur
753 1287 788 1329 3,
816 1289 871 1328 10,
898 1289 930 1321 5.
953 1299 986 1320 v.
1014 1286 1246 1319 Defendo.
1274 1284 1421 1320 crimina
1446 1285 1637 1321 diluere
1660 1291 1728 1321 ant:

214 1341 405 1378 negare
428 1331 463 1373 9,
493 1333 528 1374 2,
554 1331 611 1366 53.
642 1330 778 1365 crimen
804 1333 1076 1365 transferre
1112 1330 1150 1364 in
1183 1329 1427 1365 adversarium
1460 1331 1585 1366 maluit
1616 1343 1728 1377 quam.

213 1387 389 1424 negare
413 1377 449 1420 6,
478 1377 512 1417 5.
541 1378 575 1412 9.
623 1378 886 1423 negandum
907 1377 972 1420 sit,
1009 1377 1106 1422 quod
1130 1376 1317 1420 objicitur,
1348 1387 1395 1410 an
1432 1378 1659 1412 tuendum
1684 1381 1722 1414 7*

214 1427 249 1467 1,
277 1425 333 1458 13.
363 1421 407 1464 cf.
434 1424 468 1464 6,
493 1425 528 1466 3,
551 1424 611 1458 81.
658 1420 692 1466 y)
730 1436 796 1468 seq.
828 1426 933 1457 Ace.
971 1435 1001 1457 σ.
1035 1421 1144 1463 Ins..-
1184 1432 1274 1456 non
1305 1423 1401 1456 hanc
1439 1433 1520 1458 esse
1550 1423 1723 1463 virtut-1·

215 1480 347 1516 nego,
374 1469 436 1502 sed
460 1468 532 1502 illis
558 1480 636 1503 eam
660 1479 734 1503 non
758 1468 930 1503 tribuo.
956 1469 992 1511 8,
1012 1470 1052 1511 3,
1082 1471 1117 1502 7.
1145 1478 1234 1502 non
1263 1469 1404 1514 negabo
1434 1474 1553 1503 autem
1584 1478 1649 1506 etc.
1670 1479 1676 1482 ⁷

215 1518 275 1559 13,
302 1519 336 1550 7.
365 1525 455 1548 non
483 1514 693 1562 negaverim
717 1521 836 1549 tamen
866 1523 925 1548 etc.
951 1517 986 1553 7.
1019 1517 1053 1557 3,
1079 1515 1134 1549 18.
1160 1515 1216 1557 11,
1240 1516 1275 1558 2,
1299 1517 1357 1549 23.
1382 1525 1438 1549 ne
1461 1516 1550 1550 hoc
1576 1517 1708 1561 quidus-

214 1562 425 1608 negaverim
451 1569 513 1594 etc.
543 1565 579 1605 2,
606 1564 662 1603 12,
695 1563 729 1595 1.
767 1572 811 1595 an
844 1561 1032 1606 quisquam
1062 1559 1248 1606 negaverit
1282 1567 1344 1596 etc.
1377 1562 1412 1603 3,
1444 1559 1480 1603 4,
1515 1561 1571 1595 14.
1663 1559 1685 1601 s

216 1610 301 1654 quia
328 1618 486 1654 negem
514 1615 575 1641 etc.
605 1608 669 1641 sed
697 1607 780 1651 quia
804 1625 846 1632 -
871 1618 1083 1641 recusem
1107 1609 1141 1647 9,
1163 1604 1198 1649 4,
1225 1607 1308 1648 1333
1341 1617 1425 1640 reus
1448 1607 1626 1642 feciss.
1686 1615 1714 1637 ι·

217 1661 278 1702 gat
301 1658 336 1697 7,
363 1654 398 1696 4,
427 1655 472 1687 32
501 1655 546 1687 N.
595 1653 625 1697 si
650 1653 897 1698 accipiendum
923 1652 1082 1687 criminis
1105 1653 1187 1686 loco
1213 1658 1378 1699 negasset
1402 1655 1458 1695 11,
1492 1655 1525 1696 1,
1547 1654 1605 1688 28.
1637 1665 1674 1698 qi
1689 1653 1707 1665 ·

216 1707 326 1749 neget
349 1699 467 1734 utile
494 1702 549 1742 12,
585 1698 722 1740 10‚⁷4S
755 1701 801 1733 N.
833 1704 881 1733 cr.
915 1704 1153 1733 oratorem
1183 1709 1281 1732 eum
1317 1698 1457 1744 negabo
1489 1700 1548 1743 12,
1583 1702 1618 1743 1,
1648 1701 1717 1734 23¹

215 1752 313 1781 Pass.
328 1761 338 1780 .·
363 1758 405 1781 ea
432 1751 607 1792 negantur
627 1746 758 1779 debere
781 1745 955 1780 rationem
983 1748 1016 1788 1,
1040 1745 1075 1788 6,
1097 1743 1132 1778 4.
1159 1754 1244 1777 num
1269 1744 1460 1791 negabitur
1491 1744 1630 1790 Appius
1655 1745 1714 1788 ui,

212 1794 363 1829 remisse
397 1795 431 1835 2,
469 1793 526 1835 16,
552 1795 586 1826 7.
621 1790 894 1827 Conclusio
929 1796 988 1825 aut
1022 1801 1137 1826 vera
1161 1795 1383 1837 negatur,
1415 1801 1498 1825 cum
1531 1798 1619 1827 etc..-

214 1841 306 1874 nihil
331 1840 375 1873 ad
401 1838 646 1884 quaestionem
676 1837 847 1871 dicitur
874 1837 1057 1882 pertinere
1081 1837 1115 1879 5,
1143 1836 1199 1879 14,
1224 1839 1280 1870 22.
1328 1835 1377 1879 11)
1409 1839 1433 1870 i.
1467 1850 1500 1882 q.
1523 1849 1694 1871 recuso

215 1889 292 1921 det
317 1885 405 1919 mihi
435 1886 585 1919 eandem
611 1884 876 1928 jucunditatem.
921 1884 1032 1930 Quod
1068 1883 1098 1917 si
1133 1888 1188 1917 est
1218 1889 1441 1930 negatum
1474 1889 1536 1918 etc.
1569 1885 1627 1928 12,
1658 1886 1678 1919 1

212 1934 270 1968 35.
299 1932 414 1966 coitus
441 1931 658 1974 syllabarum
681 1941 754 1964 non
778 1931 918 1977 negabo
934 1931 969 1974 9,
995 1928 1030 1972 4,
1056 1930 1112 1965 59.
1135 1927 1313 1972 homines,
1337 1928 1465 1973 quibus
1490 1934 1699 1977 11833187ιῆ

214 1985 270 2014 est
295 1981 329 2020 2,
350 1979 407 2020 16,
436 1980 491 2011 17.
517 1982 722 2023 negatae
746 1975 1004 2021 (remissiones)
1030 1988 1108 2019 opp.
1134 1974 1309 2026 nimiae
1333 1978 1368 2020 1,
1394 1976 1429 2018 3,
1459 1976 1516 2008 11.

164 2033 422 2091 Negotialis·
470 2044 504 2079 ei
532 2043 760 2089 (rhetoricae)
785 2046 911 2091 locumv
929 2043 968 2077 in
992 2043 1110 2078 ethice
1149 2042 1434 2090 negotialem
1463 2041 1656 2089 assignant,

214 2099 292 2136 est,
325 2089 680 2135 πραγματικόν
707 2094 742 2133 2,
766 2094 823 2134 21,
852 2092 887 2125 3.
922 2089 966 2133 ff.
1000 2091 1035 2133 3,
1073 2090 1201 2133 6,ν58.
1236 2099 1319 2135 neg.
1354 2087 1559 2132 (panem),
1616 2094 1705 2120 ιιτπ

211 2135 480 2184 πραγματικὴν
503 2143 611 2172 vocat
635 2138 890 2180 (Ilermagoras
902 2135 932 2180 ),
957 2135 995 2169 in
1022 2147 1092 2180 qua
1116 2136 1160 2170 de
1183 2135 1292 2169 rebus
1323 2133 1412 2179 ipsis
1437 2135 1631 2180 quaeritur,

213 2191 313 2218 moto
335 2194 569 2227 personarum
593 2185 786 2226 complexu
811 2185 846 2226 3,
869 2183 988 2226 6,·37.
1014 2180 1060 2223 cs.
1085 2183 1121 2224 3,
1144 2184 1180 2224 7,
1205 2183 1239 2214 1.
1631 2184 1637 2187 “

164 2228 428 2286 Negotiatio·
462 2258 510 2266 —
533 2240 743 2286 ponentium
766 2239 935 2286 periculis
959 2238 1074 2284 pretia
1097 2241 1154 2282 12,
1177 2241 1214 2282 7,
1239 2240 1297 2273 11.

165 2297 432 2353 Negotiator.
480 2307 595 2353 (iuter
620 2308 759 2350 studia)
790 2308 825 2352 5,
850 2311 907 2351 10,
950 2310 1008 2343 27.
1062 2305 1229 2341 sordidae
1259 2305 1392 2341 mercis
1422 2316 1462 2340 ιι.
1497 2306 1532 2350 1,
1566 2306 1624 2349 12,
1657 2291 1682 2340 1}

212 2354 470 2399 mancipiorum
492 2355 738 2407 negotiatores-
757 2355 791 2397 5,
818 2357 874 2396 12,
900 2357 957 2388 17.
1484 2383 1487 2385 Α
1674 2383 1678 2387 „

165 2410 414 2466 Negotium·
462 2421 496 2466 1)
526 2428 580 2456 tot
611 2423 765 2469 negotiis
798 2421 978 2456 districtus
1002 2421 1067 2467 Ep.
1102 2422 1147 2454 ad
1179 2420 1318 2465 Tryph.
1345 2422 1378 2453 2.
1409 2404 1498 2465 neg.
1529 2426 1635 2466 gesa.
1660 2434 1676 2445 ιι

212 2468 421 2512 (judicium)
445 2472 481 2511 7,
503 2468 539 2509 4,
564 2468 622 2504 35.
666 2470 714 2511 11)
739 2472 772 2502 in
797 2481 834 2502 re
850 2467 1001 2509 sorensi.-
1043 2466 1232 2514 Negotium
1273 2470 1327 2500 est
1367 2463 1599 2511 congregatio
1623 2513 1626 2516 ἦ

213 2524 399 2556 sonarum,
432 2515 613 2558 locorum,
646 2521 864 2559 temporum,
898 2524 1103 2555 causarum,
1145 2514 1352 2552 modorum,
1388 2521 1559 2554 casuum,
1593 2509 1666 2543 fam

210 2570 304 2601 rum,
335 2560 664 2604 instrumentorum,
693 2571 909 2604 sermonum,
933 2559 1148 2603 scriptorum
1172 2564 1208 2593 et
1232 2569 1307 2593 non
1324 2556 1550 2600 scriptorum.
1574 2559 1677 2599 Apo

215 2606 300 2638 lod.
325 2607 360 2647 3,
390 2606 423 2647 5,
459 2609 513 2640 17.
560 2605 749 2641 Causam
781 2617 876 2640 nunc
906 2605 1136 2652 intelligimus
1168 2600 1440 2645 ν’πᾶθεσιν,
1466 2601 1666 2648 negotii&

212 2650 502 2692 περίστασιν
528 2654 570 2686 ib.
600 2654 656 2687 18.
679 2663 762 2699 neg.
789 2652 993 2686 forensibus
1021 2654 1054 2694 1,
1081 2654 1136 2691 12.
1160 2653 1196 2684 7.
1220 2660 1310 2684 vera
1330 2658 1412 2694 neg.
1436 2648 1473 2691 9,
1499 2649 1536 2690 2,
1561 2647 1627 2700 683
1644 2663 1645 2666 ¹
1662 2663 1688 2700 ’ν

213 2706 366 2739 quorum
388 2696 573 2741 negotium
597 2698 665 2732 erit
689 2702 746 2741 12,
769 2700 804 2742 8,
828 2701 863 2733 7.
910 2697 1022 2742 ipsius
1044 2708 1081 2731 n.
1108 2694 1271 2731 defensio
1295 2694 1330 2736 4,
1349 2697 1384 2736 2,
1409 2696 1468 2728 27.
1493 2692 1679 2740 negoti»,

214 2751 288 2784 quo
313 2752 367 2784 ap.
397 2741 534 2783 judices
562 2743 761 2786 quaeritur,
788 2743 1051 2788 expositionem
1075 2745 1118 2776 ib.
1145 2745 1181 2775 2.
1206 2746 1247 2774 ut
1269 2739 1446 2773 desiderat
1469 2745 1587 2773 autem
1613 2736 1663 2773 ln

213 2797 307 2831 quae
330 2787 538 2832 negotiis
566 2790 772 2833 adhibetur,
796 2790 1058 2834 probationem,
1086 2788 1139 2823 sic
1163 2787 1269 2822 etiam
1286 2786 1360 2828 ina,
1384 2795 1477 2829 quae
1508 2795 1530 2818 o
1545 2787 1652 2822 atel,

212 2828 342 2870 timii
368 2838 592 2877 comparatur
615 2837 653 2880 3,
674 2836 710 2880 7,
730 2835 766 2871 4.
791 2835 838 2878 cs·
861 2838 896 2872 2.
921 2838 957 2881 3,
979 2835 1018 2876 4.
1041 2832 1105 2878 143
1138 2833 1213 2869 inin
1235 2832 1291 2876 (in
1316 2830 1424 2876 thesi)
1445 2829 1606 2867 veritati!
1660 2850 1665 2857 .
1727 2845 1728 2853 ¹
