1728 3002
93 210 175 249 768
586 204 810 249 Redemtio
839 229 893 239 -
921 204 1133 251 Redundo

91 307 336 410 Redegngioi
377 324 508 402 {Sages
541 319 587 355 ad
618 319 880 357 redemtionem
903 321 981 368 ejus
1002 320 1133 368 (ducis)
1155 321 1367 371 legatitsp.
1389 321 1636 360 redimendum

139 379 219 402 eum
282 393 293 411 ,
342 393 352 410 ‚
482 391 492 400 .

91 413 253 456 Redeo.
301 422 340 467 I)
365 426 525 468 proprie:
560 424 811 469 quadrupedes
835 425 891 459 ad
915 424 1014 460 cibos
1041 424 1179 461 viribus
1203 412 1461 461 conservandis
1483 424 1636 465 idoneos

135 471 288 505 redeunt
311 473 346 513 2,
371 472 428 513 10,
452 471 486 505 6.
520 470 638 505 redire
667 470 711 504 in
737 471 911 506 familiam
934 474 975 515 3,
1003 473 1044 515 6,
1073 474 1131 509 96.
1157 474 1238 507 101.
1263 471 1294 506 si
1319 473 1392 507 hoc
1415 473 1465 508 ita
1485 477 1566 516 ¹est,
1595 471 1636 506 is

135 517 184 550 in
210 516 378 560 exilium,
408 517 438 550 si
462 527 537 550 non
561 522 632 560 est,
658 517 786 552 redis
813 518 856 561 6,
884 520 919 561 3,
943 520 990 554 78
1009 520 1054 553 Ν.
1079 529 1260 563 nunquam
1283 529 1358 553 non
1384 518 1517 567 frigide
1539 517 1638 553 redi-

136 569 195 597 tur
219 566 282 607 11,
306 566 352 606 3,
379 565 446 597 133
475 575 508 597 v.
534 564 605 598 Eo.
641 574 722 598 cum
757 564 872 599 omnis
895 571 1014 599 motus
1041 576 1107 599 sex
1131 571 1250 610 partes
1273 564 1428 609 habeat,
1464 564 1637 610 septimus

137 609 182 643 sit
205 610 288 651 ille,
313 609 374 654 qui
397 609 442 643 in
470 621 510 643 se
534 609 648 653 redit,
671 609 768 644 orbis
793 613 850 654 11,
874 612 909 654 3,
934 614 1012 647 105.
1040 613 1214 646 redeunte
1236 611 1339 646 flexu
1361 613 1406 647 ib.
1432 613 1501 646 100
1520 611 1569 645 N.
1597 615 1638 645 ut

137 655 210 689 cito
242 657 366 690 redeat
401 656 561 700 (manus)
587 658 631 689 ib.
663 657 743 691 106.
777 668 822 691 ne
849 658 892 691 ad
918 658 1091 692 lacertum
1122 659 1247 692 redeat
1275 657 1378 702 (pars
1399 655 1562 701 tunicae)
1589 659 1635 692 ib.

136 701 216 736 140.
262 703 316 744 11)
344 705 485 736 transh:
526 703 768 747 compluribus
800 703 943 737 insertis
973 704 1040 738 alia
1071 704 1185 751 figura
1209 703 1334 748 quinto
1360 704 1501 738 demum
1525 713 1638 738 versu

134 748 230 783 redit
253 748 450 792 (Virgilius)
480 750 521 791 8,
546 752 589 792 2,
617 751 672 784 15.
700 760 769 783 nec
795 756 948 784 manet
972 762 1115 794 semper
1137 749 1330 793 memoria,
1357 751 1422 784 sed
1447 749 1637 794 aliquando

136 795 242 829 etiam
266 795 359 830 redit
387 798 443 838 11,
467 797 503 838 2,
527 798 569 836 73
601 795 662 840 qui
688 806 737 829 ex
761 796 879 830 media
902 798 1137 840 (probatione)
1161 795 1383 842 erumpit,
1421 795 1493 830 cito
1524 796 1578 831 ad
1601 794 1639 828 id

135 840 308 876 redire
339 842 469 885 debet,
502 843 597 876 unde
622 842 840 877 devertit
866 841 912 886 4,
937 845 980 886 3,
1007 846 1062 878 17.
1095 848 1135 877 ut
1161 843 1216 876 ad
1248 853 1291 876 ea
1314 844 1417 878 velut
1446 851 1545 877 nova
1567 846 1639 884 atq.

135 887 251 921 aliena
274 889 461 922 redeamus
487 890 542 931 10,
568 887 604 931 4,
628 890 662 922 2.
695 887 755 932 qui
781 889 834 922 ad
858 889 979 922 omnia
1007 887 1158 933 scripta,
1185 894 1355 933 tanquam
1377 887 1529 931 vitiosa,
1554 887 1640 926 rede

131 940 214 968 eant
241 937 285 968 ib.
310 936 344 969 3.
369 935 591 968 redeundum
614 934 750 968 rustico
775 936 827 968 ad
857 935 1013 968 animum
1046 934 1291 982 legumlatoris
1314 938 1356 977 7,
1384 936 1423 977 1,
1447 934 1504 971 52.
1531 933 1640 968 refl-

135 991 184 1014 ea
198 992 295 1014 mus
320 981 373 1014 ad
403 980 585 1024 judicium,
616 987 650 1014 et
675 986 996 1016 retractemus
1021 987 1221 1025 suspectam
1244 980 1452 1014 facilitatem
1477 982 1534 1023 10,
1550 981 1587 1022 3,
1603 981 1639 1014 7.

135 1028 259 1061 redeat
295 1026 433 1061 animus
463 1028 517 1060 ad
551 1027 742 1071 petitorem
765 1031 808 1071 7,
844 1031 886 1070 1,
915 1027 973 1063 48.
1006 1028 1150 1074 longius
1182 1033 1385 1062 evectus
1415 1037 1532 1069 sum,
1575 1025 1639 1062 sed

131 1074 283 1107 redeo
311 1074 362 1107 ad
386 1073 610 1118 propositum
634 1075 678 1115 9,
703 1076 738 1116 3,
762 1076 820 1109 87.
864 1074 935 1108 Sed
960 1079 1000 1107 ut
1027 1075 1083 1107 ad
1106 1073 1330 1118 propositum
1353 1073 1498 1106 redeam
1522 1073 1581 1114 11,
1602 1072 1639 1114 3,

133 1121 190 1155 29.
222 1119 266 1161 cs.
293 1121 336 1162 9,
362 1123 405 1163 2,
431 1119 465 1151 4.
501 1121 544 1153 ab
570 1119 633 1153 illo
659 1120 796 1164 impetu
821 1121 875 1153 ad
899 1121 1075 1155 rationem
1102 1121 1196 1154 redit
1223 1120 1265 1163 6,
1292 1122 1332 1162 1,
1361 1119 1426 1160 28;
1463 1129 1484 1154 e
1508 1128 1531 1152 ο
1555 1127 1638 1152 cum

132 1164 179 1198 in
214 1166 361 1212 gratiam
396 1165 565 1200 redierim
590 1178 672 1200 cum
695 1167 815 1211 Appio
845 1166 1018 1210 Claudio,
1054 1172 1090 1201 et
1113 1164 1283 1201 redierim
1304 1175 1371 1211 per
1395 1163 1462 1200 Cn.
1515 1173 1639 1210 σωρε-

130 1211 200 1253 jum
216 1238 225 1252 ,
255 1217 291 1244 et
315 1222 382 1258 ego
408 1222 494 1258 ergo
520 1223 600 1246 cum
628 1213 798 1247 redierim
825 1215 910 1248 Cic.
936 1215 978 1258 9,
1005 1215 1041 1257 3,
1067 1211 1126 1247 41.

85 1254 348 1297 Redhibitio.
385 1285 431 1292 --
454 1268 623 1312 mancipii
651 1270 686 1311 8,
711 1271 746 1312 3,
774 1269 829 1303 14.

83 1325 263 1380 Redlgo·
312 1334 349 1369 in
375 1336 469 1370 hanc
498 1336 793 1370 consuetudinem
819 1335 993 1370 memoria
1017 1334 1278 1370 exercitatione
1301 1333 1498 1380 redigenda
1519 1334 1577 1375 11,
1600 1334 1637 1375 2,

129 1381 187 1416 45.
215 1381 324 1424 nihil,
360 1384 456 1426 quod
479 1393 589 1427 prosa
618 1382 810 1426 scriptum,
840 1392 915 1415 non
941 1382 1056 1427 redigi
1079 1382 1192 1426 possit
1218 1381 1264 1414 in
1290 1381 1415 1424 quaed.
1439 1378 1638 1414 versiculo-
1677 1408 1680 1412 .

129 1439 211 1461 rum
249 1439 382 1475 genera
416 1430 478 1462 vel
509 1429 555 1462 in
588 1430 747 1462 membra
770 1429 815 1470 9,
838 1426 884 1470 4,
915 1428 973 1462 52.
1005 1429 1036 1461 si
1070 1429 1122 1461 ad
1147 1425 1398 1461 necessitatem
1420 1423 1557 1460 ordinis
1579 1422 1637 1458 sui

129 1474 243 1509 verba
268 1474 476 1519 redigantur
497 1476 539 1517 8,
564 1475 610 1518 6,
635 1475 694 1509 62.
722 1474 902 1508 neminem
926 1472 981 1507 sni
1004 1473 1177 1518 temporis
1200 1473 1245 1507 iu
1267 1481 1457 1506 numerum
1481 1471 1637 1516 redege-

129 1526 214 1554 runt
239 1523 303 1563 10,
333 1523 374 1563 1,
400 1522 456 1556 53.
491 1521 542 1555 in
577 1520 741 1556 ordinem
774 1526 943 1564 certaque
967 1519 1159 1556 intervalla
1179 1518 1462 1566 redigammeas
1486 1515 1636 1553 arbores

130 1568 165 1609 8,
191 1569 224 1609 3,
249 1568 284 1602 9.
319 1565 365 1608 cs.
394 1571 427 1610 1,
453 1565 489 1610 4,
513 1569 549 1602 3.

82 1610 280 1653 Redifflo·
329 1635 434 1668 quem
466 1622 608 1669 saepius
638 1634 659 1657 a
690 1623 777 1657 ludo
815 1623 1019 1656 redemerat
1055 1631 1162 1657 soror
1192 1620 1235 1666 8,
1268 1619 1310 1664 5,
1345 1621 1403 1654 12.
1436 1618 1482 1653 ab
1512 1615 1636 1653 amicis

127 1672 328 1704 redemtum
353 1682 408 1705 ex
433 1671 511 1705 alea
536 1671 572 1714 6,
599 1672 635 1713 3,
659 1672 718 1704 72.
746 1681 779 1704 υ.
801 1667 1074 1703 Redemtio.

83 1723 276 1769 Reditus.
311 1757 359 1765 —-
382 1739 429 1772 ad
451 1738 695 1784 propositum,
724 1755 770 1762 —
797 1738 842 1771 ad
868 1748 945 1772 rem
973 1737 1062 1780 (fig.
1088 1749 1145 1781 ap.
1173 1736 1219 1770 ci
1231 1731 1283 1778 c.)
1303 1733 1347 1779 9,
1371 1735 1414 1776 1,
1437 1732 1496 1768 28.

82 1793 290 1836 RedOIOO·
327 1808 490 1852 thymum
513 1807 680 1841 redolere
710 1808 776 1848 12,
803 1807 869 1847 10,
896 1805 952 1841 25.
980 1799 1221 1850 [οἷττικισμόσ
1241 1802 1305 1837 ille
1330 1801 1500 1854 redolens
1521 1796 1635 1843 (vulg.

128 1855 173 1942 gf
191 1853 526 1944 §pnlyffiaffegigl
546 1860 627 1897 opit.
656 1854 762 1887 Codd.
787 1850 969 1896 reddens)
998 1851 1224 1886 Athenarum
1255 1857 1440 1894 proprmm
1471 1854 1635 1890 saporem

82 1952 273 1998 Reduco.
321 1965 362 2010 Ι)
386 1968 439 2002 ab
469 1967 580 2002 exilio
607 1964 804 2002 reducendi
834 1965 879 2010 5,
905 1967 969 2008 11,
993 1966 1027 2002 9.
1064 1968 1169 1999 erunt
1201 1961 1253 1996 ad
1281 1961 1408 1995 ducem
1437 1936 1635 1999 reducendi

127 2015 170 2056 2,
195 2014 240 2056 6,
266 2014 302 2049 6.
322 2009 420 2048 bene
448 2016 617 2049 sudantes
639 2015 803 2058 beneque
828 2011 988 2047 comitati
1010 2022 1094 2056 per
1117 2011 1237 2044 forum
1259 2009 1482 2042 reducuntur
1505 2004 1577 2058 12,
1587 2003 1630 2046 8,

127 2061 162 2093 3.
199 2059 238 2092 in
262 2061 452 2104 jaculando
487 2060 632 2094 brachia
663 2059 867 2094 reducimus
891 2061 958 2102 10,
983 2059 1024 2100 3,
1053 2057 1086 2092 6.
1119 2055 1236 2089 sinum
1264 2065 1385 2107 usque
1413 2053 1459 2087 ad
1492 2048 1632 2103 lumbos

126 2106 350 2140 reduxerunt
367 2110 422 2149 11,
441 2109 474 2149 3,
497 2109 584 2149 131;
613 2106 818 2140 reductiora
842 2108 896 2148 11,
923 2107 957 2146 3,
982 2103 1028 2138 46
1052 2103 1099 2137 Ν.
1127 2114 1160 2136 v.
1182 2101 1380 2135 Emineo.
1428 2096 1477 2141 ΙΙ)
1491 2098 1630 2144 ίνψῑιέ

127 2158 245 2186 motos
270 2153 426 2186 lacrimis
451 2153 588 2196 judices
617 2154 671 2187 ad
698 2152 873 2196 justitiam
890 2152 1064 2185 reducere
1091 2149 1136 2192 6,
1162 2150 1180 2181 1
1197 2173 1207 2190 ,
1230 2146 1289 2181 46.
1320 2146 1372 2188 ad
1397 2154 1478 2180 eum
1503 2144 1632 2193 sumu}

129 2199 334 2232 reducenda
358 2199 565 2242 (judicatio)
589 2201 623 2240 7,
649 2201 691 2242 3,
717 2199 775 2232 36.
806 2198 868 2232 illa
890 2197 1030 2243 minora
1054 2214 1101 2221 —-
1128 2204 1219 2238 quae
1245 2193 1430 2245 paululum
1454 2190 1631 2240 (51²⁶qu

128 2245 241 2278 verba
272 2244 446 2290 paulum)
475 2245 652 2279 declinata
683 2244 785 2279 varie
821 2249 857 2278 et
892 2241 1136 2287 multipliciter
1169 2240 1220 2273 ad
1244 2243 1434 2274 vex-uatem
1457 2235 1631 2287 reduwpt

129 2292 162 2330 1,
190 2290 224 2332 6,
249 2292 293 2324 32
315 2295 356 2325 Z.
386 2302 516 2336 neque,
543 2291 603 2335 qui
629 2296 728 2325 recta
751 2290 812 2325 via
837 2290 1004 2334 depulsus
1029 2293 1095 2330 est,
1118 2284 1243 2321 reduci
1267 2285 1324 2318 ad
1351 2295 1443 2327 eam,
1465 2290 1535 2315 lust
1558 2279 1629 2318 allo

126 2334 224 2368 flexu
247 2336 366 2380 potest
390 2340 433 2380 2,
461 2341 516 2379 17,
545 2339 610 2379 29;
642 2337 807 2371 innatans
833 2336 896 2370 illa
920 2335 1115 2370 verborum
1139 2331 1294 2365 facilitas
1317 2330 1363 2364 in
1387 2328 1494 2372 altum
1521 2324 1631 2360 redu-

127 2386 229 2414 cetur
255 2385 318 2425 10,
343 2386 384 2425 7,
410 2384 468 2417 28.
502 2383 552 2416 in
580 2382 736 2416 animum
768 2382 1002 2426 judicantium
1034 2390 1111 2413 non
1128 2378 1288 2415 ,reducet
1311 2376 1475 2428 dolorem
1502 2373 1570 2414 11,
1594 2371 1629 2411 1,

128 2425 182 2459 54.
208 2428 350 2470 plebem
375 2440 457 2462 cum
481 2429 640 2473 patribus
671 2428 721 2463 in
747 2428 896 2474 gratiam
923 2426 1113 2461 reduxisse
1138 2425 1181 2467 5,
1213 2426 1278 2466 11,
1305 2423 1360 2474 19..Ι
1389 2426 1498 2454 timor
1519 2415 1630 2467 1061}-

129 2482 215 2505 cens
240 2474 395 2507 animum
424 2476 473 2508 ab
497 2475 565 2518 iis,
592 2486 683 2520 quae
707 2474 874 2509 facienda
898 2479 980 2507 suut
1005 2475 1068 2512 12,
1098 2473 1141 2513 5,
1167 2472 1208 2512 33
1247 2474 1283 2502 et
1311 2465 1500 2519 aliquando
1524 2469 1628 2495 exct-

128 2517 222 2551 disse
245 2519 463 2563 simulamus,
490 2533 571 2555 cum
595 2521 679 2566 quid
703 2521 846 2555 utiliore
869 2522 954 2554 loco
978 2516 1200 2554 reducimus:
1227 2519 1262 2549 et
1285 2514 1427 2548 interim
1451 2506 1629 2560 nofred-

128 2562 264 2596 dituros
289 2566 345 2605 (S
353 2579 386 2609 p.
420 2566 658 2610 reducturos)
693 2567 870 2611 reliquum
902 2566 973 2608 (Ζ.
1006 2564 1125 2608 conjic.
1159 2555 1430 2601 relicturos)
1463 2552 1627 2588 ordinem

127 2612 299 2642 testamur
321 2611 357 2653 4,
385 2614 420 2654 2,
445 2614 491 2647 83
516 2615 563 2647 Ν.
590 2621 621 2646 et
645 2615 681 2647 S.

82 2649 305 2695 Redundo·
350 2678 431 2710 pars
456 2670 506 2702 ad
533 2671 717 2713 moralem,
742 2681 825 2714 pars
852 2668 905 2702 ad
931 2666 1146 2702 rationalem
1167 2665 1355 2698 tractatum
1374 2654 1548 2692 redundat
1567 2655 1624 2693 12,

129 2712 166 2752 2,
195 2712 249 2745 19.
276 2717 316 2744 ut
338 2712 438 2745 cibus
463 2725 536 2747 non
563 2726 692 2749 recens
715 2717 926 2749 redderetur
949 2715 1010 2748 sed
1037 2714 1083 2756 (S
1090 2725 1125 2755 p.
1151 2708 1238 2754 qui)
1262 2718 1286 2740 u
1297 2713 1404 2748 sque
1429 2701 1474 2735 in
1502 2704 1624 2744 poste-
1674 2717 1679 2720 -
1726 2730 1728 2740 ,

129 2766 209 2789 rum
233 2755 326 2790 diem
353 2759 568 2793 redundaret
595 2762 638 2800 8,
662 2760 708 2803 4,
734 2764 777 2795 17
797 2765 842 2795 Ζ.
877 2760 1053 2794 redundat
1086 2749 1298 2801 (epitheton)
1323 2751 1367 2801 8,,
1392 2748 1439 2790 6,
1463 2744 1521 2780 40‘
1549 2745 1622 2779 de·

131 2800 284 2837 sintne
308 2801 448 2848 aliquae
481 2805 586 2839 nobis
618 2806 843 2841 necessariae
864 2806 990 2840 literae
1015 2822 1062 2829 —
1085 2814 1131 2837 au
1153 2808 1277 2835 rursus
1307 2795 1397 2830 aliae
1421 2792 1623 2828 redundent
