1728 3002
194 231 274 272 738
915 225 1000 277 Qui

197 351 199 354 ’
242 341 387 377 minime
417 341 462 375 de
496 341 575 389 lege
609 339 783 376 dicturum
815 342 1098 378 Demosthenem
1126 341 1287 388 queritur
1309 342 1345 386 5,
1370 343 1427 390 13,
1451 342 1510 380 42.
1552 344 1598 388 os.
1626 348 1660 389 7,
1689 344 1726 388 4,

241 391 299 424 30.
324 391 386 429 10,
414 390 430 421 1
446 413 457 430 ,
479 386 537 424 45.
573 389 749 432 pulsatum
776 389 957 433 querimur
983 389 1030 433 6,
1055 391 1072 423 1
1088 414 1100 432 ,
1126 389 1182 424 16.
1206 388 1388 424 hominem
1412 390 1571 427 occisum
1645 402 1728 426 eror

242 437 276 478 6,
303 438 338 478 2,
364 436 417 468 31.
447 435 519 467 hoc
542 434 701 479 miror,
726 435 796 470 hoc
817 445 987 479 queror
1018 434 1108 480 (Sp.
1133 437 1360 480 querorque),
1387 436 1589 482 quenquam
1637 438 1728 473 omi-

241 493 324 515 nem
347 501 392 506 —
416 481 512 514 velle
531 483 623 527 Cic.
648 482 695 525 8,
719 481 763 525 6,
790 480 834 517 47
859 485 902 516 Ζ.

199 559 298 609 Qui·
353 568 390 613 1)
416 573 516 604 Pron.
545 575 701 605 relat„-
727 573 817 605 Illud
845 583 940 606 nunc
963 571 1102 615 melius,
1127 573 1222 616 quod
1255 571 1332 606 cui
1355 571 1481 616 tribus,
1509 583 1600 617 quae
1623 583 1728 616 prae-

243 616 369 661 posui,
396 616 529 659 literis,
557 623 765 652 enotamus:
799 618 837 652 in
862 628 933 664 quo
955 618 1074 663 pueris
1099 619 1214 660 nobis,
1239 620 1281 651 ad
1301 618 1470 665 pinguem
1491 629 1578 652 sane
1601 629 1728 652 sonum

243 675 297 708 qu
323 668 359 697 et
385 662 427 696 oi
452 662 592 706 (Amb.
623 667 653 698 1.
680 677 713 708 q.
741 670 777 699 et
793 676 816 698 u
836 670 872 699 et
892 676 914 699 0
930 671 966 701 et
990 665 1026 708 i)
1050 665 1250 707 utebantur,
1277 670 1411 698 tantum
1434 670 1474 698 ut
1496 665 1539 704 ab
1562 664 1626 699 illo
1651 664 1728 709 qui

243 708 519 755 distingueretur
546 712 577 752 1,
604 713 638 752 7,
664 713 720 745 27.
750 723 760 743 c
781 721 862 745 uos
890 710 971 755 (Sp.
998 711 1090 754 vos)
1114 716 1153 744 ut
1178 721 1254 744 cos
1278 710 1461 755 (scribitur)
1486 713 1518 754 1,
1542 709 1578 754 4,
1603 712 1658 753 10,
1684 714 1727 745 Ζ.

245 757 291 788 N.
319 755 529 799 quibuscum
551 754 595 797 4,
621 759 654 798 1,
676 758 731 790 18.
791 784 800 799 ,
824 760 866 798 2,
892 758 949 792 86.
977 760 1031 799 10,
1058 760 1090 799 1,
1119 758 1174 791 38.
1198 767 1278 790 011111
1338 757 1430 790 1ibus
1457 758 1491 799 3,
1515 758 1550 799 5,
1574 758 1608 790 3.
1634 767 1728 798 011111,

245 801 428 846 quicum
454 802 500 845 (a.
525 806 544 834 l.
571 801 738 846 quocum)
759 803 892 837 luserat
915 806 971 845 11,
995 806 1030 846 2,
1055 804 1100 838 38
1124 803 1170 836 Ν.
1193 815 1238 836 cr.
1284 768 1388 844 03131
1414 815 1443 836 c.
1468 804 1610 836 Indicas.
1625 817 1635 836 .·
1667 803 1728 847 qui

244 846 477 881 instituuntur
503 850 519 880 1
535 873 545 890 ,
573 851 590 880 1
607 875 617 891 ,
644 849 701 884 25.
739 849 811 893 qui
836 849 1064 889 invidebant,
1104 848 1177 893 qui
1211 849 1495 891 aemulabantur,
1527 849 1727 882 adulatores

245 893 351 928 etiam
376 896 440 936 12,
468 895 529 935 10,
558 896 622 937 13;
666 901 862 939 propter
889 906 1000 940 quas
1026 894 1103 931 dixi
1127 905 1233 939 supra
1263 905 1425 929 causas
1448 896 1490 937 3,
1513 895 1557 937 8,
1586 895 1644 930 59.
1677 893 1728 935 ps.

179 954 181 956 ·
246 943 303 982 12,
326 941 362 982 8,
389 939 441 973 14.
469 950 585 984 quas
614 945 714 975 tres
740 941 942 986 accepimus
965 948 1128 985 partes
1152 943 1186 983 5,
1211 937 1268 984 10,
1294 941 1351 975 63.
1376 942 1514 974 Paucae
1537 951 1613 975 res
1633 946 1728 983 sunt,

245 985 416 1030 quibus
442 997 492 1020 ex
515 986 648 1020 rebus
673 997 798 1022 omnes
821 987 1001 1022 orationes
1027 993 1219 1022 nascuntur
1251 989 1309 1021 M.
1331 989 1496 1022 Aaron.
1527 987 1571 1030 3,
1599 986 1640 1028 6,
1662 984 1728 1029 45;

243 1037 283 1065 ut
311 1037 364 1065 est
386 1043 442 1076 ap.
467 1030 507 1066 C.
531 1031 746 1076 Antonium,
772 1034 844 1068 Sed
867 1045 984 1078 neque
1008 1038 1247 1069 accusatorem
1273 1043 1354 1067 eum
1377 1037 1518 1075 metuo,
1551 1031 1628 1077 qui
1651 1042 1728 1067 sum

243 1078 438 1111 innocens:
465 1089 581 1123 neque
609 1079 879 1124 competitorem
898 1090 1049 1120 vereor,
1081 1079 1153 1124 qui
1176 1090 1255 1113 sum
1278 1078 1478 1113 Antonius:
1499 1089 1615 1124 neque
1640 1088 1728 1112 con-

243 1125 358 1158 sulem
385 1134 511 1168 spero,
537 1124 613 1169 qui
638 1131 692 1160 est
716 1125 857 1161 Cicero.
884 1125 1079 1171 (Turia,
1103 1128 1220 1159 Flor.
1245 1132 1296 1159 rer
1320 1123 1435 1170 quod)
1458 1125 1501 1168 9,
1525 1127 1569 1168 3,
1591 1122 1650 1160 94.
1679 1122 1727 1166 cs.

242 1171 277 1211 6,
302 1171 360 1203 Pr.
391 1175 407 1203 1
437 1170 483 1204 Ν.
511 1183 556 1203 cr.
579 1170 701 1205 Minus
723 1173 906 1217 peccabit,
932 1172 1013 1218 qui
1038 1171 1153 1219 longis
1177 1171 1307 1207 breves
1331 1170 1513 1215 subjiciet,
1538 1175 1575 1206 et
1599 1169 1728 1214 adhuc,

244 1215 305 1260 qui
328 1221 523 1259 praeponet
546 1217 675 1264 longae
702 1219 850 1253 brevem
873 1218 934 1263 (a.
965 1223 986 1252 l.
1011 1220 1060 1252 bis
1085 1217 1204 1263 quod)
1226 1218 1270 1261 9,
1293 1216 1341 1260 4,
1364 1217 1422 1252 34.
1449 1216 1527 1251 sine
1550 1215 1728 1260 molestia,

245 1272 361 1305 quae
391 1261 459 1304 ipsi
492 1264 869 1308 composuerint
903 1266 997 1308 (Sp.
1025 1284 1071 1290 —
1099 1262 1247 1308 erunt),
1278 1263 1348 1307 jam
1374 1262 1587 1302 familiarius,
1607 1263 1728 1298 animo

244 1317 310 1340 suo
340 1307 486 1353 affigent
508 1310 551 1350 2,
575 1309 617 1350 7,
643 1311 664 1343 3
691 1314 734 1344 Z.
776 1322 845 1354 qua
868 1310 1032 1353 ratione,
1069 1311 1190 1354 quod
1222 1308 1426 1352 didicit,
1462 1310 1585 1344 facere
1621 1319 1728 1354 quam

242 1351 376 1396 optime
400 1352 559 1395 possit
586 1356 648 1396 10,
679 1357 720 1398 1,
743 1353 777 1389 4.
804 1362 862 1398 ut,
893 1367 1008 1399 quae
1033 1362 1164 1398 sunt,
1193 1356 1425 1389 ostendantur
1447 1355 1576 1389 acerba
1603 1365 1646 1388 ac
1669 1354 1728 1386 lu-

243 1404 366 1432 ctuosa
383 1398 417 1441 6,
441 1401 475 1441 2,
501 1400 558 1432 23.
588 1398 632 1440 cs.
651 1403 707 1442 10,
730 1403 762 1443 1,
783 1402 839 1435 26.
856 1406 907 1434 ut
928 1401 1118 1446 argentarii
1147 1400 1329 1433 dimidium
1343 1411 1390 1434 ex
1416 1409 1474 1443 eo,
1533 1410 1588 1434 uo
1602 1400 1624 1433 d
1653 1400 1727 1433 de-

244 1445 407 1479 bebant
435 1444 613 1488 (Amb.1.
640 1445 828 1489 debeant),
851 1447 1089 1481 solverent
1111 1447 1144 1489 5,
1169 1448 1224 1485 10,
1251 1446 1317 1481 105
1339 1446 1386 1483 N.
1409 1458 1456 1479 cr.
1483 1459 1501 1478 c
1520 1471 1528 1480 .
1546 1448 1600 1486 10,
1617 1448 1652 1488 2,
1668 1448 1726 1480 21.

245 1491 390 1524 credere
414 1491 534 1532 modu,
565 1490 638 1535 qui
663 1491 847 1535 discet,
874 1492 974 1535 velit,
1001 1498 1131 1526 certam
1156 1492 1284 1537 quand.
1309 1491 1407 1525 viam
1430 1502 1509 1526 esse
1524 1492 1567 1534 .8,
1594 1493 1652 1525 Pr.
1669 1494 1726 1526 12.

243 1538 336 1569 Tum
369 1536 570 1570 Simonides
603 1537 732 1571 dicitur
761 1549 900 1572 memor
923 1538 1069 1581 ordine,
1108 1549 1198 1583 quo
1228 1536 1376 1582 quisque
1401 1536 1727 1581 discubuerat,

243 1582 315 1616 suis
339 1582 534 1617 reddidisse
562 1586 624 1626 11,
649 1587 692 1627 2,
721 1586 764 1618 13
792 1585 863 1627 N.;
895 1585 1003 1618 habet
1032 1584 1071 1618 in
1094 1595 1156 1628 se,
1195 1585 1317 1628 quod
1347 1583 1587 1618 imitamur
1621 1582 1676 1627 (a.
1702 1587 1724 1617 l.

240 1628 434 1672 imitemur)
456 1632 511 1671 11,
534 1631 577 1672 3,
598 1633 678 1664 171.
697 1630 813 1678 longis
827 1630 1032 1675 hyperbatis
1058 1641 1173 1675 quae
1191 1629 1280 1665 vitia
1301 1629 1540 1673 accidunt,
1560 1638 1626 1663 suo
1641 1630 1726 1664 loco

243 1674 399 1708 diximus
427 1676 468 1718 8,
492 1676 532 1718 6,
557 1677 602 1710 67
627 1677 693 1719 N.;
716 1676 903 1724 ignorare,
937 1688 1048 1722 quae
1083 1681 1195 1710 sunt
1228 1677 1294 1719 (Z.
1319 1675 1406 1719 conj.
1431 1675 1518 1715 sint)
1542 1686 1728 1710 causarum

242 1721 455 1763 judicialium
479 1727 598 1765 partes
622 1724 679 1764 10,
705 1726 740 1766 7,
765 1725 787 1758 5
810 1727 879 1757 Fr.
908 1723 996 1757 iram
1022 1723 1173 1757 offensio
1194 1721 1321 1765 judicis
1343 1721 1452 1765 facit,
1476 1721 1506 1755 si
1532 1726 1728 1768 contumax³

242 1775 303 1800 etc.
326 1767 382 1809 sit,
396 1778 511 1812 quae
537 1770 622 1811 (Sp.
648 1768 726 1812 qui)
750 1779 824 1803 11011
841 1781 891 1804 ex
908 1770 1005 1803 facto
1026 1770 1133 1803 modo
1154 1768 1296 1803 dictove
1316 1767 1435 1811 aliquo
1457 1767 1519 1801 sed
1539 1768 1642 1802 vultu
1661 1774 1722 1800 etc.

241 1813 379 1847 moveri
406 1815 498 1847 solet
525 1814 564 1856 6,
593 1817 630 1854 1,
658 1815 701 1848 14
722 1817 768 1849 N.
796 1829 842 1849 cr.
872 1823 903 1848 et
930 1818 992 1859 S.‚-
1027 1828 1088 1848 om.
1117 1816 1249 1849 Verb'o:
1275 1814 1338 1848 sed
1361 1813 1483 1857 quod
1507 1812 1634 1855 etiam,
1659 1813 1704 1847 de

241 1860 360 1892 tractis
385 1859 511 1893 ceteris
534 1859 737 1904 virtutibus,
759 1872 824 1895 suo
849 1872 980 1905 genere
1003 1862 1148 1905 plenum
1171 1863 1228 1903 12,
1254 1859 1390 1903 10,ι59.
1418 1858 1461 1901 cs.
1479 1859 1516 1901 9,
1534 1857 1569 1902 4,
1587 1859 1645 1894 86.
1677 1858 1720 1892 Et

239 1907 335 1949 quod
359 1904 433 1942 Cic,
455 1905 492 1938 in
518 1907 625 1950 quod.
655 1907 803 1950 joculari
829 1908 950 1941 libello
974 1907 1046 1950 (sc.
1073 1908 1209 1946 dixit)
1237 1907 1272 1948 8,
1297 1906 1331 1947 6,
1355 1907 1412 1939 73.
1439 1905 1520 1938 data
1541 1905 1703 1948 Luperca

240 1952 355 1993 libus,
385 1962 455 1996 quo
481 1951 538 1985 die
567 1951 747 1986 Antonius
775 1953 931 1988 Caesari.
992 1956 1070 1988 Cic.
1095 1955 1136 1990 9.
1165 1954 1204 1994 3,
1232 1952 1290 1986 61.
1327 1951 1385 1984 cui
1409 1950 1523 1984 simile
1553 1955 1608 1984 est
1629 1950 1715 1984 male

239 2003 359 2043 gestae
386 1998 659 2041 procurationis,
685 2010 777 2044 quae
803 2000 881 2043 (Sp.
906 1999 982 2037 om.)
1006 1999 1044 2032 in
1067 1999 1150 2032 foro
1175 1997 1400 2044 negotiorum
1425 2001 1604 2044 gestorum
1626 1998 1661 2039 7,
1683 1993 1709 2030 4

239 2046 284 2077 35
308 2047 348 2076 Z.
409 2042 449 2087 b)
479 2057 508 2077 c.
539 2045 774 2088 Conjunctivo:
814 2047 942 2089 quod
975 2044 1035 2079 sit
1067 2044 1350 2090 indignissimum
1372 2045 1417 2086 2,
1442 2043 1508 2086 16,
1534 2045 1567 2076 1.
1603 2043 1710 2086 quot'

239 2089 423 2135 indigmun
451 2089 684 2124 videatur·
704 2093 766 2134 12,
793 2093 857 2134 11,
888 2094 910 2126 3
935 2092 1003 2134 N.;
1041 2101 1109 2124 1100
1140 2091 1332 2132 desunt,
1366 2088 1449 2133 qui
1483 2088 1596 2132 tropis
1619 2087 1708 2141 *figu-

238 2146 355 2168 rarum
404 2146 536 2169 nomen
575 2136 818 2181 imponant
852 2138 897 2177 9,
926 2140 971 2179 1,
1008 2139 1043 2171 2.
1087 2149 1119 2170 v.
1155 2137 1334 2170 Desum.
1368 2134 1399 2168 si
1433 2144 1508 2168 non
1541 2134 1585 2167 ab
1616 2133 1705 2168 m1ti‹

238 2187 380 2214 tenuem
412 2182 559 2214 nimium
592 2182 759 2216 laminam
785 2183 1011 2226 duxerimus,
1043 2187 1079 2215 et
1111 2193 1234 2227 quam
1267 2181 1446 2214 caelatura
1474 2179 1580 2214 altior
1609 2190 1699 2213 rum

237 2233 313 2270 pat
338 2230 382 2270 2,
410 2226 451 2269 4,
476 2231 509 2262 7.
535 2227 608 2261 suis
633 2230 774 2262 demum
800 2229 913 2263 oculis
936 2228 1109 2271 credidit,
1132 2229 1228 2272 quod
1252 2226 1479 2261 efficeret
1503 2228 1565 2266 112,
1589 2226 1635 2268 3,

236 2278 274 2305 ut
302 2284 370 2306 nec
405 2274 531 2316 quod
557 2274 687 2308 desit
712 2274 749 2308 in
776 2285 842 2317 eo,
875 2286 943 2308 nec
967 2275 1097 2319 quod
1123 2273 1370 2314 redundet,
1404 2270 1568 2307 invenias
1594 2273 1657 2314 10,
1682 2273 1698 2304 1

235 2319 292 2352 76.
326 2318 370 2360 cs.
395 2320 438 2361 8,
460 2320 517 2353 Pr.
545 2322 577 2354 3.
603 2322 667 2362 10,
692 2323 736 2360 7,
760 2323 783 2354 7
808 2325 850 2355 Ζ.
875 2320 953 2365 qui
979 2325 1116 2364 patrem
1140 2317 1396 2360 occiderit,
1429 2318 1533 2352 cul'eo
1558 2315 1638 2351 insu
1672 2319 1675 2322 ⁴

234 2367 268 2405 7,
299 2365 333 2407 8,
357 2365 389 2398 6.
426 2364 469 2406 cs.
498 2368 553 2408 10,
581 2368 614 2408 1,
640 2366 665 2399 4
691 2367 738 2400 Ν.
769 2379 815 2400 cr.
840 2374 870 2399 et
900 2368 936 2400 S.
961 2365 1134 2408 sciamus,
1158 2365 1359 2398 inornatum
1382 2374 1484 2406 esse,
1509 2363 1630 2407 quod
1653 2361 1691 2397 si

234 2409 463 2453 improprium
487 2412 522 2453 8,
547 2413 581 2453 3,
606 2414 661 2446 15.
696 2411 739 2453 cs:
762 2413 819 2446 Pr.
843 2414 876 2450 1.
909 2414 965 2454 10,
989 2415 1024 2454 7,
1047 2413 1102 2446 32.
1131 2409 1196 2454 [ut
1220 2410 1387 2452 libertas,
1421 2419 1623 2454 quanquam
1645 2407 1691 2449 oi!

234 2456 418 2497 cumcisis‚
445 2468 534 2500 quae
559 2456 723 2500 dixisset,
748 2458 781 2491 ei
805 2458 968 2492 nocuerit
992 2460 1049 2500 10,
1078 2461 1111 2500 1,
1137 2454 1252 2500 104];
1277 2455 1333 2489 his
1357 2453 1626 2502 argumentandi
1650 2460 1688 2487 ela

230 2501 353 2543 locos,
384 2507 419 2535 et
458 2503 628 2546 quibus
657 2503 847 2549 generibus
883 2502 1055 2537 concitari
1080 2510 1141 2537 etc.
1172 2501 1308 2546 jndices
1331 2505 1575 2544 oporteret
1599 2498 1662 2543 (a.

230 2552 413 2588 oportere,
453 2552 497 2580 al.
523 2553 702 2592 oportet),
728 2550 919 2596 adjecimus
943 2551 983 2589 8,
1016 2550 1073 2582 Pr.
1098 2551 1142 2582 12
1170 2549 1217 2582 Ν.
1247 2560 1317 2590 cr.,·
1354 2547 1404 2581 At
1435 2557 1540 2591 quam
1570 2544 1609 2578 in
1633 2553 1683 2578 eor

231 2590 322 2623 libro
348 2592 470 2625 dicat
496 2594 552 2637 (a.
585 2599 605 2627 l.
631 2594 742 2638 dicit)
765 2595 934 2629 suisse—
956 2594 1120 2628 narrandi
1145 2593 1394 2634 urbanitatem,
1429 2592 1536 2635 paulo
1557 2594 1639 2634 post
1661 2590 1681 2623 i*v

228 2635 305 2668 finit
327 2639 361 2677 6,
386 2639 420 2678 3,
449 2640 515 2672 105
543 2641 589 2672 Ν.
619 2647 829 2684 supersunt,
866 2639 1007 2685 quiqde
1032 2639 1262 2684 philosophia·
1285 2635 1578 2681 scripserint
1603 2635 1661 2678 (α.

229 2681 457 2724 scripserunt)
485 2686 550 2725 10,
577 2687 592 2716 1
610 2710 619 2726 ‚
647 2688 724 2720 123.
751 2686 812 2730 qui
843 2686 955 2730 ipsam
981 2697 1099 2720 rerum
1123 2691 1281 2718 naturam
1306 2689 1399 2716 stare
1427 2680 1552 2715 ordine
1574 2685 1656 2724 puta

229 2736 318 2768 quo
349 2728 500 2760 confuso
527 2729 684 2772 peritura
712 2731 804 2765 sint
827 2731 878 2775 (a.
908 2736 930 2765 l.
956 2730 1054 2774 sunt)
1079 2730 1197 2764 omnia
1219 2730 1254 2771 7,
1278 2729 1336 2761 Pr.
1364 2729 1409 2768 33
1443 2725 1675 2760 scientia—d
1727 2764 1728 2769 ¹

226 2770 350 2813 cendi,
377 2774 473 2815 quod
496 2773 546 2815 (a.
574 2778 597 2806 l.
623 2775 725 2818 quid)
749 2777 794 2810 sit
817 2776 927 2810 officii
951 2780 995 2818 7,
1020 2778 1060 2818 3,
1086 2779 1139 2809 12.
1167 2774 1243 2819 [qui
1267 2783 1362 2806 nunc
1384 2781 1526 2816 quoque
1552 2770 1671 2805 faciliu

224 2818 320 2860 quod
349 2817 467 2859 rejici,
502 2830 607 2861 quam
637 2822 731 2863 quod
756 2821 861 2864 adjici
888 2821 1002 2865 possit
1024 2823 1149 2863 (Codd.
1174 2823 1223 2853 bis
1252 2817 1357 2862 quid,
1382 2817 1493 2859 recte)
1519 2816 1664 2852 invenie
