1742 2964
422 252 559 296 Index
588 252 819 296 Nominum
848 253 1135 311 Propi-iorum.

357 365 411 409 B.

6 445 243 490 Baliylon.
277 445 524 482 Alexandrum
547 447 746 492 Babylonis

6 537 9 539 .
43 501 221 536 'incendio
244 504 418 549 sepeliant
442 506 477 545 8,
502 507 537 548 5,
559 505 617 538 24.

4 569 306 615 Babylonius
328 572 507 607 Leonides
533 577 566 615 1,
591 575 624 617 1,
647 573 683 608 9.

0 624 195 686 Bagoas.
219 641 326 684 spado
351 641 386 684 5,
413 643 470 684 12,
493 643 536 675 21
552 640 599 675 N.

3 706 198 751 Bassus,
221 707 389 743 Aufidius
412 711 464 750 (α.
491 713 515 743 1.
539 707 744 752 Assiduus).

7 759 27 811 J
49 766 182 808 scripsit
207 765 306 798 libros
328 766 405 798 beai
418 766 620 808 Germanici,
648 773 679 798 et
702 767 744 799 de

26 827 86 854 'eo
109 822 278 854 Judi'm‘um
298 819 412 863 fatur
435 825 491 865 10,
522 826 554 865 1,
585 824 662 856 103.

2 894 50 903 —-
72 876 219 911 Caesius
247 876 295 920 (ιι.
321 882 343 912 1.
369 877 537 922 Celsius).
561 887 674 924 poeta,
700 881 744 913 de

48 945 113 978 quo
144 934 308 977 sufficiam
343 942 449 968 exstat
494 939 558 978 10,
599 939 643 979 1,
681 936 743 972 96-

8 1010 11 1013 r
49 989 150 1025 Vidit
172 1001 255 1024 eum
279 990 517 1036 Quintilianus
542 994 585 1026 ib.

1 1064 51 1074 --
82 1045 231 1090 Junius,
260 1060 362 1091 ‘quem
389 1051 449 1081 atii
473 1049 606 1082 Julium
632 1052 742 1093 potius

12 1142 14 1146 Ι
49 1115 120 1137 esse
146 1110 274 1136 censent
296 1103 332 1146 6,
357 1105 391 1147 3,
414 1107 459 1139 27
473 1107 519 1138 N.
545 1105 665 1140 asinus
687 1107 742 1140 al-

46 1160 115 1194 bus
137 1160 332 1194 vocabatur
354 1162 458 1196 57N.
486 1175 555 1207 seq.
581 1161 638 1198 74.

0 1231 45 1244 ι·-
72 1217 232 1260 Saleius,
258 1223 381 1260 poeta,
422 1220 465 1252 de
485 1232 550 1265 quo
578 1219 741 1264 judicium

0 1273 1 1311 ξ
48 1281 97 1307 est
124 1276 182 1317 10,
206 1277 240 1317 1,
266 1274 323 1309 90-

0 1329 150 1367 ΒεΠὶί
172 1337 234 1374 pro
255 1328 408 1364 naeniis
433 1333 467 1374 1,
490 1330 526 1375 4,
551 1333 607 1368 15.

15 1424 20 1428 ,
41 1385 244 1422 erenice.
272 1386 511 1432 Quintilianus
530 1399 596 1433 pro
613 1389 738 1436 regina

7 1432 12 1464 Ᾰ
43 1442 221 1477 Berenice
242 1444 336 1487 apud
366 1443 481 1488 ipsam
506 1445 597 1479 dixit
624 1445 667 1489 4,
703 1450 736 1490 1,

12 1526 17 1530 .
47 1500 92 1534 19
105 1499 153 1532 N.

43 1555 86 1588 ib
99 1554 282 1596 aculus,
308 1554 364 1588 M.
386 1555 525 1590 Furius.
557 1566 674 1601 poem,
697 1557 738 1593 in

14 1638 21 1642 .
47 1621 119 1656 quo
150 1609 322 1644 acerbitas
351 1610 460 1645 iambi
489 1615 558 1656 10,
598 1619 642 1657 1,
677 1615 737 1650 96.

43 1670 178 1703 ·Versus
196 1667 281 1710 ejus,
307 1668 446 1712 Jupiter
471 1670 637 1706 hibernas
653 1677 737 1716 eto„

45 1725 320 1768 reprehenditur
343 1726 387 1767 8,
414 1725 457 1767 6,
483 1729 541 1761 17.

42 1783 222 1823 lessus,
246 1781 286 1815 P.
312 1781 359 1823 6,
383 1783 427 1824 3,
453 1783 560 1817 58Ν.

44 1844 239 1872 ostares.
267 1838 302 1880 5,
327 1839 383 1880 13,
410 1839 455 1872 28
473 1839 523 1873 Ν.

43 1894 226 1929 ovinae
247 1894 284 1937 6,
308 1895 344 1936 3,
367 1893 426 1928 49.

39 1950 270 1986 ritannia.
295 1961 340 1984 an
362 1950 505 1985 insula?
532 1955 568 1996 7,
595 1951 631 1995 4,
654 1953 736 1988 2N.

33 2009 262 2045 ritannus
321 2008 550 2052 Thucydides
611 2012 734 2053 Vir-g,

47 2067 175 2107 epigr.
205 2065 241 2106 8,
266 2065 300 2106 3,
323 2065 381 2098 28.

39 2131 174 2167 ruge-s
206 2133 265 2163 pro
292 2121 474 2162 Phrygibus
501 2123 535 2163 1,
557 2120 592 2164 4,
618 2123 673 2157 15.

37 2183 187 2211 ιιινῑιιε.
214 2176 328 2210 Brut&
352 2178 395 2220 9,
418 2178 460 2220 4,
491 2180 554 2212 101
569 2179 614 2212 Ν.
638 2180 733 2215 unde

41 2233 145 2268 Bruti
169 2236 203 2276 1,
228 2233 264 2275 6,
292 2235 349 2267 31.

66 2291 109 2323 L.
142 2289 274 2323 occidit
297 2290 427 2324 liberos
452 2290 494 2332 5„
511 2293 568 2334 11,
591 2294 614 2325 7
626 2292 676 2326 N.

15 2374 21 2382 ,,
66 2353 180 2390 pater,
206 2348 305 2380 Ictus
327 2347 364 2388 6,
387 2349 420 2389 3,
443 2345 502 2380 44.

66 2403 137 2447 ejus
156 2405 272 2447 filius,
303 2397 488 2436 accusator
515 2402 580 2438 Cn.
608 2405 730 2439 Planci

18 2484 23 2497 -,
40 2459 78 2510 6,
100 2462 135 2502 3,
158 2458 215 2493 44.

19 2549 22 2551 Α
66 2516 119 2550 ΖΜ.
149 2516 360 2559 philosophus
388 2522 419 2548 et
443 2523 575 2558 orator,
610 2517 657 2560 9,
692 2520 728 2562 3,

39 2573 98 2608 95.
130 2573 172 2614 9,
195 2571 238 2616 4,
263 2573 319 2606 63.
347 2572 404 2606 75.
430 2573 486 2608 76.
513 2575 575 2616 10,
597 2577 641 2615 7,
670 2577 728 2608 27.

25 2631 107 2672 ,11,
131 2632 171 2672 1,
199 2631 232 2664 5.
258 2632 321 2671 12,
348 2632 387 2672 1,
413 2631 468 2662 22.
498 2639 563 2672 pro
588 2629 727 2663 Milone

40 2685 240 2728 orationem
293 2685 560 2720 exercitationis
614 2685 728 2732 gratia

39 2742 239 2786 composuit
262 2744 307 2784 3,
330 2743 373 2785 6,
395 2743 441 2777 93
462 2744 498 2775 8.
525 2744 580 2785 10,
610 2745 643 2785 1,
665 2744 725 2776 23.

38 2801 99 2845 10,
121 2800 157 2844 5,
179 2802 237 2837 20.
279 2801 450 2843 Iudicium
473 2801 516 2834 de
541 2802 726 2846 eloquentia

1459 264 1543 302 989

848 369 920 414 ejus
948 367 1007 414 10,
1031 373 1065 414 1,
1091 373 1171 407 123.
1216 376 1406 419 Praecipue
1428 378 1460 409 ei
1481 380 1542 409 tri-

844 429 958 460 buitur
975 428 1132 474 gravitas
1160 433 1216 474 12,
1246 435 1302 475 10,
1327 436 1383 468 11.
1407 433 1444 467 in
1459 436 1542 479 phi-

844 484 1040 528 losophicis
1072 486 1213 531 scriptis
1235 491 1347 524 multo
1371 503 1476 535 quam
1502 493 1542 526 iu

845 541 1065 576 orationibus
1081 546 1316 588 praestantior
1333 549 1388 591 10,
1406 551 1439 591 1,
1461 552 1540 584 123.

844 599 922 642 ejus
945 601 1057 634 verba
1081 613 1136 646 ap.
1164 602 1238 637 Cic.
1265 605 1301 647 6,
1325 606 1362 649 3,
1390 606 1495 642 2οΝ.

799 655 1045 691 Bucolica.
1072 661 1127 701 10,
1155 662 1186 701 1,
1208 660 1266 694 56.

799 713 997 757 Bulbus,
1025 714 1200 750 Stalenus.
1229 715 1264 761 4,
1286 719 1322 761 2,
1350 720 1430 754 107.

798 770 986 805 Burrhi.
1015 774 1049 814 1,
1071 771 1107 814 4,
1134 772 1190 806 25.

798 827 987 862 Burrus
1010 841 1071 872 pro
1096 830 1222 871 Pyrrho
1250 832 1283 874 1,
1306 829 1343 873 4,
1371 832 1428 868 15.

797 883 994 918 Busiris.
1020 885 1223 921 Busiridem
1246 888 1405 924 laudavit
1429 891 1538 936 Poly-

844 946 959 976 crates
985 944 1021 986 2,
1049 945 1106 986 17,
1131 941 1166 977 4.

1141 1051 1193 1095 C.

798 1155 1100 1193 Caecilianus
1126 1157 1189 1192 ille
1214 1163 1315 1203 pater
1337 1162 1394 1203 11,
1420 1163 1454 1205 1,
1477 1163 1537 1198 39.

798 1211 1062 1257 Caecilius.
1098 1221 1205 1259 poeta
1234 1217 1391 1251 comicus
1423 1220 1467 1260 1,
1500 1221 1537 1263 8,

843 1273 899 1303 11.
940 1273 1006 1313 11,
1041 1273 1084 1314 1,
1123 1273 1181 1308 39.
1238 1275 1408 1308 Iudicium
1430 1277 1474 1309 de
1496 1289 1536 1310 eo

842 1328 899 1368 10,
925 1330 959 1368 1,
983 1327 1042 1362 99.

793 1396 839 1406 ·—
880 1382 925 1428 Q.
961 1383 1022 1427 qui
1058 1383 1160 1427 petiit
1197 1386 1460 1422 accusationem
1495 1388 1536 1424 in

839 1439 992 1473 Verrem
1016 1441 1050 1483 5,
1076 1442 1132 1484 13,
1158 1442 1214 1475 18.
1239 1444 1274 1484 7,
1298 1445 1334 1486 2,
1357 1446 1393 1478 2.
1418 1448 1475 1489 11,
1501 1450 1535 1491 1,

839 1497 898 1528 20.

793 1566 841 1575 h
866 1551 975 1583 rhetor
995 1553 1029 1594 3,
1046 1553 1079 1593 1,
1099 1552 1154 1586 16.
1176 1553 1211 1594 3,
1227 1553 1262 1596 6,
1282 1554 1340 1589 47.
1367 1556 1402 1599 5,
1423 1560 1480 1601 10,
1496 1563 1534 1594 7.

838 1607 874 1648 9,
904 1609 939 1649 3,
964 1608 1020 1640 38.
1044 1607 1102 1641 46.
1126 1609 1183 1642 91.
1209 1610 1265 1644 97.
1313 1613 1358 1646 de
1382 1614 1535 1651 Sisenna

838 1663 882 1705 8,
907 1664 949 1705 3,
974 1665 1019 1697 35
1043 1665 1091 1698 Ν.
1139 1667 1303 1702 Tradidit
1327 1670 1460 1714 aliquid
1487 1675 1534 1708 de

838 1719 1063 1762 Apollodoro
1086 1723 1122 1765 9,
1151 1726 1184 1765 1,
1215 1720 1270 1759 12.
1315 1727 1464 1771 Proprie
1485 1729 1535 1763 li·

838 1776 923 1809 bros
940 1774 1045 1820 operi
1057 1779 1098 1810 ‹le
1109 1780 1236 1821 figuris
1256 1781 1434 1818 dedicavit
1451 1779 1534 1821 oum

838 1833 1036 1877 Dionysio,
1061 1835 1206 1880 Rutilio,
1233 1837 1441 1886 Cornificio,
1465 1843 1536 1878 Vi-

839 1890 954 1924 sellio.
978 1891 1014 1934 9,
1039 1893 1073 1934 3,
1095 1893 1154 1927 89.
1574 1904 1577 1907 ’

793 1945 1029 1982 Caeliana
1064 1959 1171 1983 causa
1206 1950 1249 1995 5,
1286 1954 1352 1996 13,
1388 1955 1448 1990 30.
1483 1976 1532 1984 ...-

836 2004 944 2047 pyxis
965 2005 1000 2047 6,
1028 2007 1061 2046 3,
1087 2007 1133 2040 25
1158 2008 1207 2041 Ν.

790 2059 996 2094 Caelius.
1030 2061 1108 2105 (Sp.
1139 2062 1301 2107 Coelius)
1325 2067 1378 2101 M.
1405 2077 1532 2114 orator,

833 2118 946 2153 verba
971 2118 1047 2162 ejus
1074 2122 1108 2160 1,
1135 2121 1171 2162 5,
1195 2121 1239 2155 61
1266 2123 1313 2155 Ν.
1355 2127 1388 2167 1,
1414 2126 1447 2167 6,
1470 2126 1531 2167 42.

835 2174 951 2208 oratio
975 2175 1013 2208 in
1030 2177 1228 2211 Antonium
1249 2179 1284 2222 4,
1304 2183 1340 2224 2,
1365 2185 1432 2216 123
1450 2195 1528 2228 seq.

835 2230 881 2272 cf.
908 2234 942 2274 9,
972 2234 1006 2274 3,
1031 2234 1088 2267 58.
1115 2235 1149 2276 8,
1174 2235 1210 2276 6,
1237 2236 1292 2270 53.
1322 2240 1377 2278 11,
1408 2242 1440 2281 1,
1470 2242 1528 2274 51.

833 2288 893 2322 Ad
928 2288 1141 2322 Ciceronem
1176 2301 1196 2323 a
1223 2298 1322 2335 patre
1355 2296 1528 2330 deductus

836 2348 891 2388 12,
920 2348 975 2388 11,
1002 2347 1036 2380 6.
1083 2347 1251 2391 Praetor,
1279 2351 1373 2393 cujus
1401 2354 1527 2388 sellam

832 2403 991 2435 curulem
1017 2404 1143 2436 consul
1165 2405 1340 2449 Isauricus
1363 2409 1470 2454 fregit
1489 2411 1527 2454 6,

830 2460 867 2501 3,
883 2460 928 2493 25
940 2460 988 2492 N.
1022 2462 1100 2501 Qua
1121 2473 1158 2493 re
1176 2472 1215 2494 se
1232 2462 1413 2497 hominem
1429 2467 1526 2514 frugi

830 2515 986 2549 voluerit
1012 2517 1193 2558 probare?
1222 2520 1262 2561 1,
1290 2520 1336 2562 6,
1362 2523 1420 2556 29.
1465 2524 1525 2558 De

832 2570 873 2604 C.
898 2571 1010 2605 Laelii
1034 2573 1265 2619 collegaeque
1289 2575 1365 2618 ejus
1389 2576 1425 2610 in
1439 2589 1527 2622 pro-

829 2628 985 2662 vinciam
1018 2629 1261 2664 festinantium
1293 2636 1523 2671 contentione

829 2684 876 2727 6,
913 2686 958 2727 3,
993 2686 1038 2719 39
1061 2691 1098 2719 et
1123 2685 1182 2721 41.
1235 2689 1278 2722 In
1311 2690 1521 2728 defensione

828 2751 978 2784 causae,
1004 2753 1073 2786 qna
1098 2754 1181 2776 reus
1200 2744 1244 2778 de
1264 2745 1302 2780 vi
1319 2746 1388 2781 fuit
1409 2752 1465 2792 11,
1487 2754 1520 2794 1,

828 2800 884 2834 51.
930 2800 1098 2834 Iudicium
1123 2802 1166 2834 de
1188 2813 1226 2835 eo
1251 2804 1317 2848 10,
1353 2807 1400 2849 1,
1438 2809 1517 2841 115.
