<?xml version="1.0" encoding="UTF-8"?>
<!DOCTYPE html PUBLIC "-//W3C//DTD XHTML 1.0 Transitional//EN"
    "http://www.w3.org/TR/xhtml1/DTD/xhtml1-transitional.dtd">
<html xmlns="http://www.w3.org/1999/xhtml" xml:lang="en" lang="en">
 <head>
  <title>
</title>
<meta http-equiv="Content-Type" content="text/html;charset=utf-8" />
  <meta name='ocr-system' content='tesseract 3.04.00' />
  <meta name='ocr-capabilities' content='ocr_page ocr_carea ocr_par ocr_line ocrx_word'/>
</head>
<body>
  <div class='ocr_page' id='page_1' title='image "./lexiconquintilia06bonnuoft_0574.png"; bbox 0 0 1728 3002; ppageno 0'>
   <div class='ocr_carea' id='block_1_1' title="bbox 190 249 1202 313">
    <p class='ocr_par' dir='ltr' id='par_1_1' title="bbox 190 249 1202 313">
     <span class='ocr_line' id='line_1_1' title="bbox 190 249 1202 313; baseline -0.001 -15"><span class='ocrx_word' id='word_1_1' title='bbox 190 261 272 298; x_wconf 78' lang='lat'>482</span> <span class='ocrx_word' id='word_1_2' title='bbox 540 249 541 253; x_wconf 29' lang='lat'>¹</span> <span class='ocrx_word' id='word_1_3' title='bbox 748 256 895 298; x_wconf 79' lang='lat' dir='ltr'>Laxus</span> <span class='ocrx_word' id='word_1_4' title='bbox 926 278 981 285; x_wconf 89' lang='grc'>--</span> <span class='ocrx_word' id='word_1_5' title='bbox 1013 256 1202 313; x_wconf 85' lang='lat' dir='ltr'>Legatus</span> 
     </span>
    </p>
   </div>
   <div class='ocr_carea' id='block_1_2' title="bbox 192 371 1728 463">
    <p class='ocr_par' dir='ltr' id='par_1_2' title="bbox 192 371 1728 463">
     <span class='ocr_line' id='line_1_2' title="bbox 192 371 1728 427; baseline 0.004 -13"><span class='ocrx_word' id='word_1_6' title='bbox 192 371 351 412; x_wconf 77' lang='lat' dir='ltr'>LaXUS·</span> <span class='ocrx_word' id='word_1_7' title='bbox 408 379 583 415; x_wconf 81' lang='lat' dir='ltr'>laxiorem</span> <span class='ocrx_word' id='word_1_8' title='bbox 608 380 724 415; x_wconf 82' lang='lat' dir='ltr'>sinum</span> <span class='ocrx_word' id='word_1_9' title='bbox 746 382 803 424; x_wconf 82' lang='lat'><strong>11,</strong></span> <span class='ocrx_word' id='word_1_10' title='bbox 833 383 868 425; x_wconf 91' lang='lat'><strong>3,</strong></span> <span class='ocrx_word' id='word_1_11' title='bbox 897 379 976 418; x_wconf 82' lang='lat'><strong>146.</strong></span> <span class='ocrx_word' id='word_1_12' title='bbox 1023 383 1124 418; x_wconf 80' lang='lat' dir='ltr'>velut</span> <span class='ocrx_word' id='word_1_13' title='bbox 1151 381 1360 427; x_wconf 61' lang='lat' dir='ltr'>§laxioribus</span> <span class='ocrx_word' id='word_1_14' title='bbox 1394 381 1498 418; x_wconf 84' lang='lat' dir='ltr'>nodis</span> <span class='ocrx_word' id='word_1_15' title='bbox 1529 385 1563 426; x_wconf 85' lang='lat'><strong>9,</strong></span> <span class='ocrx_word' id='word_1_16' title='bbox 1587 382 1622 426; x_wconf 86' lang='lat'>4,</span> <span class='ocrx_word' id='word_1_17' title='bbox 1652 385 1728 420; x_wconf 84' lang='grc'>127.</span> 
     </span>
     <span class='ocr_line' id='line_1_3' title="bbox 238 428 705 463; baseline 0.002 -2"><span class='ocrx_word' id='word_1_18' title='bbox 238 428 378 461; x_wconf 76' lang='lat' dir='ltr'>laxiora</span> <span class='ocrx_word' id='word_1_19' title='bbox 400 428 545 463; x_wconf 84' lang='lat' dir='ltr'>vincula</span> <span class='ocrx_word' id='word_1_20' title='bbox 577 430 620 460; x_wconf 80' lang='lat' dir='ltr'>ib.</span> <span class='ocrx_word' id='word_1_21' title='bbox 647 430 705 462; x_wconf 77' lang='lat'>20.</span> 
     </span>
    </p>
   </div>
   <div class='ocr_carea' id='block_1_3' title="bbox 195 473 1290 531">
    <p class='ocr_par' dir='ltr' id='par_1_3' title="bbox 195 473 1290 531">
     <span class='ocr_line' id='line_1_4' title="bbox 195 473 1290 531; baseline 0.006 -16"><span class='ocrx_word' id='word_1_22' title='bbox 195 473 382 515; x_wconf 82' lang='lat' dir='ltr'>Lectica.</span> <span class='ocrx_word' id='word_1_23' title='bbox 418 484 456 518; x_wconf 87' lang='lat' dir='ltr'>in</span> <span class='ocrx_word' id='word_1_24' title='bbox 479 483 616 518; x_wconf 75' lang='lat' dir='ltr'><strong>lecticis</strong></span> <span class='ocrx_word' id='word_1_25' title='bbox 646 489 812 519; x_wconf 86' lang='lat' dir='ltr'>crescunt</span> <span class='ocrx_word' id='word_1_26' title='bbox 835 483 956 526; x_wconf 77' lang='lat' dir='ltr'>(liberi</span> <span class='ocrx_word' id='word_1_27' title='bbox 978 483 1108 529; x_wconf 73' lang='lat' dir='ltr'>nostri)</span> <span class='ocrx_word' id='word_1_28' title='bbox 1132 488 1166 531; x_wconf 88' lang='lat'><strong>1,</strong></span> <span class='ocrx_word' id='word_1_29' title='bbox 1195 488 1230 528; x_wconf 85' lang='lat'><strong>2,</strong></span> <span class='ocrx_word' id='word_1_30' title='bbox 1253 488 1290 522; x_wconf 87' lang='lat'>7.</span> 
     </span>
    </p>
   </div>
   <div class='ocr_carea' id='block_1_4' title="bbox 189 529 1728 1936">
    <p class='ocr_par' dir='ltr' id='par_1_4' title="bbox 196 529 1728 1880">
     <span class='ocr_line' id='line_1_5' title="bbox 196 529 1728 587; baseline 0.001 -13"><span class='ocrx_word' id='word_1_31' title='bbox 196 529 365 572; x_wconf 76' lang='lat' dir='ltr'>Lectio·</span> <span class='ocrx_word' id='word_1_32' title='bbox 420 545 454 585; x_wconf 94' lang='lat'><strong>1,</strong></span> <span class='ocrx_word' id='word_1_33' title='bbox 480 540 567 585; x_wconf 90' lang='lat' dir='ltr'>Cap.</span> <span class='ocrx_word' id='word_1_34' title='bbox 597 543 632 576; x_wconf 89' lang='grc'>8.</span> <span class='ocrx_word' id='word_1_35' title='bbox 660 544 715 585; x_wconf 90' lang='grc'>10,</span> <span class='ocrx_word' id='word_1_36' title='bbox 745 541 830 586; x_wconf 84' lang='lat' dir='ltr'>Cap.</span> <span class='ocrx_word' id='word_1_37' title='bbox 858 545 892 577; x_wconf 91' lang='lat'>1.</span> <span class='ocrx_word' id='word_1_38' title='bbox 915 543 958 585; x_wconf 87' lang='grc' dir='ltr'>α)</span> <span class='ocrx_word' id='word_1_39' title='bbox 991 555 1020 575; x_wconf 84' lang='lat' dir='ltr'>c.</span> <span class='ocrx_word' id='word_1_40' title='bbox 1054 543 1165 587; x_wconf 76' lang='lat' dir='ltr'>Adj..·</span> <span class='ocrx_word' id='word_1_41' title='bbox 1206 542 1377 577; x_wconf 88' lang='lat' dir='ltr'>continua</span> <span class='ocrx_word' id='word_1_42' title='bbox 1407 544 1433 577; x_wconf 91' lang='lat' dir='ltr'>l.</span> <span class='ocrx_word' id='word_1_43' title='bbox 1469 545 1525 586; x_wconf 90' lang='lat'><strong>11,</strong></span> <span class='ocrx_word' id='word_1_44' title='bbox 1556 545 1592 586; x_wconf 86' lang='lat'><strong>2,</strong></span> <span class='ocrx_word' id='word_1_45' title='bbox 1624 541 1681 576; x_wconf 78' lang='lat'>34.</span> <span class='ocrx_word' id='word_1_46' title='bbox 1708 543 1728 576; x_wconf 93' lang='grc' dir='ltr'>Ι.</span> 
     </span>
     <span class='ocr_line' id='line_1_6' title="bbox 240 588 1728 632; baseline 0 -11"><span class='ocrx_word' id='word_1_47' title='bbox 240 598 314 622; x_wconf 84' lang='lat' dir='ltr'>non</span> <span class='ocrx_word' id='word_1_48' title='bbox 338 588 448 622; x_wconf 87' lang='lat' dir='ltr'>cruda</span> <span class='ocrx_word' id='word_1_49' title='bbox 479 588 543 621; x_wconf 90' lang='lat' dir='ltr'>sed</span> <span class='ocrx_word' id='word_1_50' title='bbox 575 590 686 622; x_wconf 88' lang='lat' dir='ltr'>multa</span> <span class='ocrx_word' id='word_1_51' title='bbox 716 588 906 623; x_wconf 81' lang='lat' dir='ltr'>iteratione</span> <span class='ocrx_word' id='word_1_52' title='bbox 945 588 1082 622; x_wconf 88' lang='lat' dir='ltr'>mollita</span> <span class='ocrx_word' id='word_1_53' title='bbox 1114 595 1150 623; x_wconf 90' lang='lat' dir='ltr'>et</span> <span class='ocrx_word' id='word_1_54' title='bbox 1180 590 1281 623; x_wconf 80' lang='lat' dir='ltr'>velut</span> <span class='ocrx_word' id='word_1_55' title='bbox 1315 590 1481 624; x_wconf 77' lang='lat' dir='ltr'>confecta</span> <span class='ocrx_word' id='word_1_56' title='bbox 1513 591 1569 632; x_wconf 93' lang='lat'><strong>10,</strong></span> <span class='ocrx_word' id='word_1_57' title='bbox 1605 591 1638 630; x_wconf 88' lang='lat'><strong>1,</strong></span> <span class='ocrx_word' id='word_1_58' title='bbox 1676 590 1728 624; x_wconf 88' lang='grc'>19.</span> 
     </span>
     <span class='ocr_line' id='line_1_7' title="bbox 240 633 1728 679; baseline -0.001 -11"><span class='ocrx_word' id='word_1_59' title='bbox 240 640 337 668; x_wconf 87' lang='lat' dir='ltr'>certa</span> <span class='ocrx_word' id='word_1_60' title='bbox 360 634 406 668; x_wconf 87' lang='lat' dir='ltr'>sit</span> <span class='ocrx_word' id='word_1_61' title='bbox 431 633 469 667; x_wconf 91' lang='lat' dir='ltr'>in</span> <span class='ocrx_word' id='word_1_62' title='bbox 491 633 615 678; x_wconf 88' lang='lat' dir='ltr'>primis</span> <span class='ocrx_word' id='word_1_63' title='bbox 640 636 681 678; x_wconf 87' lang='lat' dir='ltr'>l.,</span> <span class='ocrx_word' id='word_1_64' title='bbox 704 635 833 670; x_wconf 83' lang='lat' dir='ltr'>deinde</span> <span class='ocrx_word' id='word_1_65' title='bbox 857 635 1071 679; x_wconf 84' lang='lat' dir='ltr'>conjuncta,</span> <span class='ocrx_word' id='word_1_66' title='bbox 1103 641 1138 670; x_wconf 91' lang='lat' dir='ltr'>et</span> <span class='ocrx_word' id='word_1_67' title='bbox 1166 635 1227 669; x_wconf 89' lang='lat' dir='ltr'>diu</span> <span class='ocrx_word' id='word_1_68' title='bbox 1248 635 1380 670; x_wconf 69' lang='lat' dir='ltr'>lentior</span> <span class='ocrx_word' id='word_1_69' title='bbox 1413 638 1446 679; x_wconf 91' lang='lat'><strong>1,</strong></span> <span class='ocrx_word' id='word_1_70' title='bbox 1472 637 1505 679; x_wconf 89' lang='lat'><strong>1,</strong></span> <span class='ocrx_word' id='word_1_71' title='bbox 1529 636 1575 669; x_wconf 85' lang='lat'>33</span> <span class='ocrx_word' id='word_1_72' title='bbox 1621 635 1675 669; x_wconf 82' lang='lat' dir='ltr'>Sit</span> <span class='ocrx_word' id='word_1_73' title='bbox 1694 634 1728 668; x_wconf 87' lang='lat' dir='ltr'>iu</span> 
     </span>
     <span class='ocr_line' id='line_1_8' title="bbox 239 678 1728 728; baseline 0.001 -14"><span class='ocrx_word' id='word_1_74' title='bbox 239 679 364 725; x_wconf 89' lang='lat' dir='ltr'>primis</span> <span class='ocrx_word' id='word_1_75' title='bbox 390 678 498 714; x_wconf 82' lang='lat' dir='ltr'>lectio</span> <span class='ocrx_word' id='word_1_76' title='bbox 523 679 726 724; x_wconf 82' lang='lat' dir='ltr'>(versuum)</span> <span class='ocrx_word' id='word_1_77' title='bbox 759 680 900 726; x_wconf 86' lang='lat' dir='ltr'>virilis,</span> <span class='ocrx_word' id='word_1_78' title='bbox 941 686 977 715; x_wconf 91' lang='lat' dir='ltr'>et</span> <span class='ocrx_word' id='word_1_79' title='bbox 1011 693 1093 715; x_wconf 90' lang='lat' dir='ltr'>cum</span> <span class='ocrx_word' id='word_1_80' title='bbox 1126 681 1301 717; x_wconf 83' lang='lat' dir='ltr'>suavitate</span> <span class='ocrx_word' id='word_1_81' title='bbox 1334 683 1485 726; x_wconf 81' lang='lat' dir='ltr'>quadam</span> <span class='ocrx_word' id='word_1_82' title='bbox 1519 679 1658 728; x_wconf 83' lang='lat' dir='ltr'>gravis,</span> <span class='ocrx_word' id='word_1_83' title='bbox 1697 686 1728 716; x_wconf 81' lang='lat' dir='ltr'>et</span> 
     </span>
     <span class='ocr_line' id='line_1_9' title="bbox 240 726 1728 771; baseline 0 -11"><span class='ocrx_word' id='word_1_84' title='bbox 240 738 315 761; x_wconf 91' lang='lat' dir='ltr'>non</span> <span class='ocrx_word' id='word_1_85' title='bbox 338 726 481 771; x_wconf 87' lang='lat' dir='ltr'>quidem</span> <span class='ocrx_word' id='word_1_86' title='bbox 504 738 632 771; x_wconf 82' lang='lat' dir='ltr'>prosae</span> <span class='ocrx_word' id='word_1_87' title='bbox 657 727 782 761; x_wconf 83' lang='lat' dir='ltr'>similis</span> <span class='ocrx_word' id='word_1_88' title='bbox 800 739 880 762; x_wconf 20' lang='lat' dir='ltr'>v-—t</span> <span class='ocrx_word' id='word_1_89' title='bbox 913 737 989 762; x_wconf 86' lang='lat' dir='ltr'>non</span> <span class='ocrx_word' id='word_1_90' title='bbox 1017 732 1138 762; x_wconf 88' lang='lat' dir='ltr'>tamen</span> <span class='ocrx_word' id='word_1_91' title='bbox 1167 728 1207 762; x_wconf 92' lang='lat' dir='ltr'>in</span> <span class='ocrx_word' id='word_1_92' title='bbox 1242 727 1420 762; x_wconf 87' lang='lat' dir='ltr'>canticum</span> <span class='ocrx_word' id='word_1_93' title='bbox 1449 727 1639 771; x_wconf 84' lang='lat' dir='ltr'>dissoluta,</span> <span class='ocrx_word' id='word_1_94' title='bbox 1666 737 1728 761; x_wconf 79' lang='lat' dir='ltr'>nec</span> 
     </span>
     <span class='ocr_line' id='line_1_10' title="bbox 236 772 1728 819; baseline 0.001 -12"><span class='ocrx_word' id='word_1_95' title='bbox 236 775 410 819; x_wconf 80' lang='lat' dir='ltr'>plasmate</span> <span class='ocrx_word' id='word_1_96' title='bbox 437 772 637 807; x_wconf 87' lang='lat' dir='ltr'>effeminata</span> <span class='ocrx_word' id='word_1_97' title='bbox 661 776 694 817; x_wconf 90' lang='lat'><strong>1,</strong></span> <span class='ocrx_word' id='word_1_98' title='bbox 723 775 758 816; x_wconf 90' lang='grc'>8,</span> <span class='ocrx_word' id='word_1_99' title='bbox 783 777 818 808; x_wconf 88' lang='grc'>2.</span> <span class='ocrx_word' id='word_1_100' title='bbox 847 775 1034 809; x_wconf 87' lang='lat' dir='ltr'>emendata</span> <span class='ocrx_word' id='word_1_101' title='bbox 1059 775 1084 808; x_wconf 92' lang='lat'>1.</span> <span class='ocrx_word' id='word_1_102' title='bbox 1101 777 1134 818; x_wconf 89' lang='lat'><strong>1,</strong></span> <span class='ocrx_word' id='word_1_103' title='bbox 1160 772 1196 817; x_wconf 87' lang='lat'><strong>4,</strong></span> <span class='ocrx_word' id='word_1_104' title='bbox 1230 775 1266 809; x_wconf 84' lang='lat'>3.</span> <span class='ocrx_word' id='word_1_105' title='bbox 1293 774 1420 809; x_wconf 87' lang='lat' dir='ltr'>iterata</span> <span class='ocrx_word' id='word_1_106' title='bbox 1446 775 1472 808; x_wconf 92' lang='lat' dir='ltr'>l.</span> <span class='ocrx_word' id='word_1_107' title='bbox 1503 777 1565 816; x_wconf 82' lang='grc'>11,</span> <span class='ocrx_word' id='word_1_108' title='bbox 1590 776 1625 816; x_wconf 89' lang='grc'>2,</span> <span class='ocrx_word' id='word_1_109' title='bbox 1650 776 1685 807; x_wconf 90' lang='grc'>2.</span> <span class='ocrx_word' id='word_1_110' title='bbox 1708 774 1728 808; x_wconf 89' lang='lat' dir='ltr'>l.</span> 
     </span>
     <span class='ocr_line' id='line_1_11' title="bbox 238 819 1728 863; baseline -0.001 -10"><span class='ocrx_word' id='word_1_111' title='bbox 238 821 349 853; x_wconf 86' lang='lat' dir='ltr'>multa</span> <span class='ocrx_word' id='word_1_112' title='bbox 373 825 409 853; x_wconf 84' lang='lat' dir='ltr'>et</span> <span class='ocrx_word' id='word_1_113' title='bbox 430 819 562 854; x_wconf 89' lang='lat' dir='ltr'>idonea</span> <span class='ocrx_word' id='word_1_114' title='bbox 583 821 619 863; x_wconf 89' lang='grc'>8,</span> <span class='ocrx_word' id='word_1_115' title='bbox 642 821 701 854; x_wconf 88' lang='lat' dir='ltr'>Pr.</span> <span class='ocrx_word' id='word_1_116' title='bbox 725 822 784 854; x_wconf 83' lang='lat'>28.</span> <span class='ocrx_word' id='word_1_117' title='bbox 809 832 843 854; x_wconf 83' lang='lat' dir='ltr'>v.</span> <span class='ocrx_word' id='word_1_118' title='bbox 870 819 1082 854; x_wconf 88' lang='lat' dir='ltr'>Auditio.</span> <span class='ocrx_word' id='word_1_119' title='bbox 1130 822 1156 855; x_wconf 77' lang='lat' dir='ltr'>l,</span> <span class='ocrx_word' id='word_1_120' title='bbox 1181 821 1294 855; x_wconf 84' lang='lat' dir='ltr'>libera</span> <span class='ocrx_word' id='word_1_121' title='bbox 1317 826 1371 855; x_wconf 82' lang='lat' dir='ltr'>est</span> <span class='ocrx_word' id='word_1_122' title='bbox 1397 822 1454 863; x_wconf 87' lang='lat'><strong>10,</strong></span> <span class='ocrx_word' id='word_1_123' title='bbox 1479 823 1513 862; x_wconf 88' lang='lat'><strong>1,</strong></span> <span class='ocrx_word' id='word_1_124' title='bbox 1539 821 1595 854; x_wconf 76' lang='grc'>19.</span> <span class='ocrx_word' id='word_1_125' title='bbox 1624 820 1648 852; x_wconf 93' lang='lat' dir='ltr'>l.</span> <span class='ocrx_word' id='word_1_126' title='bbox 1677 830 1728 852; x_wconf 81' lang='lat' dir='ltr'>se-</span> 
     </span>
     <span class='ocr_line' id='line_1_12' title="bbox 241 866 1728 911; baseline -0.001 -11"><span class='ocrx_word' id='word_1_127' title='bbox 241 877 326 900; x_wconf 83' lang='lat' dir='ltr'>cura</span> <span class='ocrx_word' id='word_1_128' title='bbox 354 869 408 908; x_wconf 90' lang='lat'><strong>10,</strong></span> <span class='ocrx_word' id='word_1_129' title='bbox 433 866 467 908; x_wconf 88' lang='lat'>5,</span> <span class='ocrx_word' id='word_1_130' title='bbox 491 867 526 901; x_wconf 88' lang='grc'>8.</span> <span class='ocrx_word' id='word_1_131' title='bbox 573 866 613 911; x_wconf 82' lang='grc' dir='ltr'>β)</span> <span class='ocrx_word' id='word_1_132' title='bbox 639 879 667 901; x_wconf 83' lang='lat' dir='ltr'>c.</span> <span class='ocrx_word' id='word_1_133' title='bbox 695 868 824 901; x_wconf 56' lang='lat' dir='ltr'>Genius</span> <span class='ocrx_word' id='word_1_134' title='bbox 861 866 1031 901; x_wconf 86' lang='lat' dir='ltr'>historiae</span> <span class='ocrx_word' id='word_1_135' title='bbox 1057 872 1127 911; x_wconf 86' lang='lat' dir='ltr'><strong>atq.</strong></span> <span class='ocrx_word' id='word_1_136' title='bbox 1154 866 1354 901; x_wconf 87' lang='lat' dir='ltr'>orationum</span> <span class='ocrx_word' id='word_1_137' title='bbox 1377 867 1401 901; x_wconf 90' lang='lat'>1.</span> <span class='ocrx_word' id='word_1_138' title='bbox 1426 869 1459 909; x_wconf 84' lang='lat'><strong>2,</strong></span> <span class='ocrx_word' id='word_1_139' title='bbox 1487 867 1521 909; x_wconf 86' lang='lat'><strong>5,</strong></span> <span class='ocrx_word' id='word_1_140' title='bbox 1547 869 1580 898; x_wconf 92' lang='lat'>1.</span> <span class='ocrx_word' id='word_1_141' title='bbox 1606 866 1728 899; x_wconf 79' lang='lat' dir='ltr'>multo-</span> 
     </span>
     <span class='ocr_line' id='line_1_13' title="bbox 241 912 1728 957; baseline -0.002 -11"><span class='ocrx_word' id='word_1_142' title='bbox 241 924 320 946; x_wconf 87' lang='lat' dir='ltr'>rum</span> <span class='ocrx_word' id='word_1_143' title='bbox 343 912 517 946; x_wconf 88' lang='lat' dir='ltr'>librorum</span> <span class='ocrx_word' id='word_1_144' title='bbox 542 913 566 946; x_wconf 90' lang='lat' dir='ltr'>l.</span> <span class='ocrx_word' id='word_1_145' title='bbox 594 915 649 956; x_wconf 88' lang='grc'>12,</span> <span class='ocrx_word' id='word_1_146' title='bbox 667 914 730 954; x_wconf 52' lang='grc'>.11,</span> <span class='ocrx_word' id='word_1_147' title='bbox 759 914 814 947; x_wconf 92' lang='lat'>17.</span> <span class='ocrx_word' id='word_1_148' title='bbox 863 913 1161 957; x_wconf 87' lang='lat' dir='ltr'>philosophorum</span> <span class='ocrx_word' id='word_1_149' title='bbox 1182 914 1207 948; x_wconf 92' lang='lat' dir='ltr'>l.</span> <span class='ocrx_word' id='word_1_150' title='bbox 1233 915 1289 955; x_wconf 90' lang='lat'><strong>10,</strong></span> <span class='ocrx_word' id='word_1_151' title='bbox 1326 916 1360 956; x_wconf 91' lang='lat' dir='ltr'>l,</span> <span class='ocrx_word' id='word_1_152' title='bbox 1394 914 1451 947; x_wconf 84' lang='lat'>35.</span> <span class='ocrx_word' id='word_1_153' title='bbox 1488 913 1514 946; x_wconf 92' lang='lat'>1.</span> <span class='ocrx_word' id='word_1_154' title='bbox 1549 914 1728 955; x_wconf 76' lang='lat' dir='ltr'>poetarum</span> 
     </span>
     <span class='ocr_line' id='line_1_14' title="bbox 242 958 1728 1004; baseline -0.001 -13"><span class='ocrx_word' id='word_1_155' title='bbox 242 962 284 993; x_wconf 81' lang='lat' dir='ltr'>ib.</span> <span class='ocrx_word' id='word_1_156' title='bbox 309 961 367 994; x_wconf 85' lang='lat'>27.</span> <span class='ocrx_word' id='word_1_157' title='bbox 398 959 641 992; x_wconf 79' lang='lat' dir='ltr'>Gracchonun</span> <span class='ocrx_word' id='word_1_158' title='bbox 668 958 886 1002; x_wconf 81' lang='lat' dir='ltr'><strong>Catonisque</strong></span> <span class='ocrx_word' id='word_1_159' title='bbox 918 961 941 993; x_wconf 90' lang='lat' dir='ltr'>l.</span> <span class='ocrx_word' id='word_1_160' title='bbox 975 962 1010 1002; x_wconf 85' lang='lat'><strong>2,</strong></span> <span class='ocrx_word' id='word_1_161' title='bbox 1039 961 1072 1002; x_wconf 88' lang='grc'>5,</span> <span class='ocrx_word' id='word_1_162' title='bbox 1096 962 1153 996; x_wconf 88' lang='grc'>21.</span> <span class='ocrx_word' id='word_1_163' title='bbox 1202 958 1242 1004; x_wconf 81' lang='lat' dir='ltr'>y)</span> <span class='ocrx_word' id='word_1_164' title='bbox 1267 960 1438 992; x_wconf 77' lang='lat' dir='ltr'><strong><em>Nominat.</em></strong></span> <span class='ocrx_word' id='word_1_165' title='bbox 1463 961 1655 992; x_wconf 77' lang='lat' dir='ltr'>etAccus..-</span> <span class='ocrx_word' id='word_1_166' title='bbox 1683 959 1728 991; x_wconf 88' lang='lat' dir='ltr'>le-</span> 
     </span>
     <span class='ocr_line' id='line_1_15' title="bbox 244 1004 1728 1052; baseline -0.001 -14"><span class='ocrx_word' id='word_1_167' title='bbox 244 1004 315 1039; x_wconf 84' lang='lat' dir='ltr'>ctio</span> <span class='ocrx_word' id='word_1_168' title='bbox 340 1015 412 1039; x_wconf 91' lang='lat' dir='ltr'>non</span> <span class='ocrx_word' id='word_1_169' title='bbox 439 1004 555 1039; x_wconf 90' lang='lat' dir='ltr'>omnis</span> <span class='ocrx_word' id='word_1_170' title='bbox 586 1004 840 1049; x_wconf 85' lang='lat' dir='ltr'>interpretante</span> <span class='ocrx_word' id='word_1_171' title='bbox 865 1011 945 1052; x_wconf 86' lang='lat' dir='ltr'>eget</span> <span class='ocrx_word' id='word_1_172' title='bbox 970 1009 1003 1048; x_wconf 91' lang='lat'><strong>1,</strong></span> <span class='ocrx_word' id='word_1_173' title='bbox 1028 1009 1063 1048; x_wconf 81' lang='grc'>2,</span> <span class='ocrx_word' id='word_1_174' title='bbox 1092 1009 1148 1039; x_wconf 87' lang='grc'>12.</span> <span class='ocrx_word' id='word_1_175' title='bbox 1196 1005 1329 1049; x_wconf 89' lang='lat' dir='ltr'>optime</span> <span class='ocrx_word' id='word_1_176' title='bbox 1352 1004 1551 1038; x_wconf 85' lang='lat' dir='ltr'>institutum</span> <span class='ocrx_word' id='word_1_177' title='bbox 1588 1010 1660 1048; x_wconf 87' lang='lat' dir='ltr'>est,</span> <span class='ocrx_word' id='word_1_178' title='bbox 1697 1010 1728 1041; x_wconf 71' lang='lat' dir='ltr'>ut</span> 
     </span>
     <span class='ocr_line' id='line_1_16' title="bbox 243 1049 1728 1098; baseline -0.003 -12"><span class='ocrx_word' id='word_1_179' title='bbox 243 1053 287 1086; x_wconf 91' lang='lat' dir='ltr'>ab</span> <span class='ocrx_word' id='word_1_180' title='bbox 322 1052 486 1085; x_wconf 87' lang='lat' dir='ltr'><strong>Homero</strong></span> <span class='ocrx_word' id='word_1_181' title='bbox 521 1056 591 1095; x_wconf 81' lang='lat' dir='ltr'>atq.</span> <span class='ocrx_word' id='word_1_182' title='bbox 615 1051 769 1098; x_wconf 85' lang='lat' dir='ltr'>Virgilio</span> <span class='ocrx_word' id='word_1_183' title='bbox 793 1052 817 1085; x_wconf 91' lang='grc'>1,</span> <span class='ocrx_word' id='word_1_184' title='bbox 844 1051 1020 1096; x_wconf 86' lang='lat' dir='ltr'>inciperet</span> <span class='ocrx_word' id='word_1_185' title='bbox 1052 1054 1085 1094; x_wconf 92' lang='lat'><strong>1,</strong></span> <span class='ocrx_word' id='word_1_186' title='bbox 1122 1052 1157 1094; x_wconf 89' lang='grc'>8,</span> <span class='ocrx_word' id='word_1_187' title='bbox 1193 1053 1226 1086; x_wconf 88' lang='lat'>5.</span> <span class='ocrx_word' id='word_1_188' title='bbox 1257 1061 1408 1096; x_wconf 85' lang='lat' dir='ltr'>quorum</span> <span class='ocrx_word' id='word_1_189' title='bbox 1430 1049 1624 1094; x_wconf 82' lang='lat' dir='ltr'>(verborum</span> <span class='ocrx_word' id='word_1_190' title='bbox 1651 1051 1728 1083; x_wconf 77' lang='lat' dir='ltr'>idem</span> 
     </span>
     <span class='ocr_line' id='line_1_17' title="bbox 242 1096 1728 1140; baseline -0.001 -10"><span class='ocrx_word' id='word_1_191' title='bbox 242 1096 524 1140; x_wconf 76' lang='lat' dir='ltr'>significantium)</span> <span class='ocrx_word' id='word_1_192' title='bbox 548 1097 652 1132; x_wconf 88' lang='lat' dir='ltr'>nobis</span> <span class='ocrx_word' id='word_1_193' title='bbox 676 1099 884 1139; x_wconf 73' lang='lat' dir='ltr'>ubertatem,</span> <span class='ocrx_word' id='word_1_194' title='bbox 898 1110 939 1132; x_wconf 87' lang='lat' dir='ltr'>ac</span> <span class='ocrx_word' id='word_1_195' title='bbox 965 1097 1108 1133; x_wconf 80' lang='lat' dir='ltr'>divitias</span> <span class='ocrx_word' id='word_1_196' title='bbox 1137 1097 1234 1132; x_wconf 86' lang='lat' dir='ltr'>dabit</span> <span class='ocrx_word' id='word_1_197' title='bbox 1249 1099 1274 1131; x_wconf 91' lang='lat'>1.</span> <span class='ocrx_word' id='word_1_198' title='bbox 1300 1099 1355 1140; x_wconf 91' lang='lat'><strong>10,</strong></span> <span class='ocrx_word' id='word_1_199' title='bbox 1385 1099 1419 1140; x_wconf 86' lang='lat'><strong>1,</strong></span> <span class='ocrx_word' id='word_1_200' title='bbox 1445 1098 1500 1131; x_wconf 77' lang='lat'>13.</span> <span class='ocrx_word' id='word_1_201' title='bbox 1546 1097 1571 1130; x_wconf 90' lang='lat' dir='ltr'>l.</span> <span class='ocrx_word' id='word_1_202' title='bbox 1600 1106 1728 1129; x_wconf 61' lang='lat' dir='ltr'>memo</span> 
     </span>
     <span class='ocr_line' id='line_1_18' title="bbox 242 1141 1728 1188; baseline -0.002 -10"><span class='ocrx_word' id='word_1_203' title='bbox 242 1144 317 1178; x_wconf 84' lang='lat' dir='ltr'>riae</span> <span class='ocrx_word' id='word_1_204' title='bbox 333 1143 592 1188; x_wconf 83' lang='lat' dir='ltr'>imitationique</span> <span class='ocrx_word' id='word_1_205' title='bbox 615 1145 775 1177; x_wconf 85' lang='lat' dir='ltr'>tradatur</span> <span class='ocrx_word' id='word_1_206' title='bbox 799 1146 843 1177; x_wconf 86' lang='lat' dir='ltr'>ib.</span> <span class='ocrx_word' id='word_1_207' title='bbox 870 1146 932 1187; x_wconf 78' lang='lat'>193</span> <span class='ocrx_word' id='word_1_208' title='bbox 957 1155 1074 1188; x_wconf 83' lang='lat' dir='ltr'>neque</span> <span class='ocrx_word' id='word_1_209' title='bbox 1098 1145 1215 1178; x_wconf 90' lang='lat' dir='ltr'>solum</span> <span class='ocrx_word' id='word_1_210' title='bbox 1236 1144 1430 1178; x_wconf 87' lang='lat' dir='ltr'>lectionem</span> <span class='ocrx_word' id='word_1_211' title='bbox 1453 1141 1538 1186; x_wconf 81' lang='lat' dir='ltr'>(Sp.</span> <span class='ocrx_word' id='word_1_212' title='bbox 1563 1141 1728 1185; x_wconf 75' lang='lat' dir='ltr'>lectione]</span> 
     </span>
     <span class='ocr_line' id='line_1_19' title="bbox 241 1188 1728 1235; baseline -0.001 -12"><span class='ocrx_word' id='word_1_213' title='bbox 241 1191 376 1224; x_wconf 81' lang='lat' dir='ltr'>formet</span> <span class='ocrx_word' id='word_1_214' title='bbox 403 1189 554 1234; x_wconf 74' lang='lat' dir='ltr'>(peritus</span> <span class='ocrx_word' id='word_1_215' title='bbox 581 1189 728 1235; x_wconf 78' lang='lat' dir='ltr'>aliquis)</span> <span class='ocrx_word' id='word_1_216' title='bbox 766 1193 800 1234; x_wconf 91' lang='lat'><strong>1,</strong></span> <span class='ocrx_word' id='word_1_217' title='bbox 825 1192 880 1224; x_wconf 92' lang='lat'>11.</span> <span class='ocrx_word' id='word_1_218' title='bbox 908 1189 954 1224; x_wconf 85' lang='lat'><strong>14</strong></span> <span class='ocrx_word' id='word_1_219' title='bbox 982 1194 1025 1224; x_wconf 88' lang='grc' dir='ltr'>Ζ.</span> <span class='ocrx_word' id='word_1_220' title='bbox 1073 1190 1134 1234; x_wconf 89' lang='lat' dir='ltr'>qui</span> <span class='ocrx_word' id='word_1_221' title='bbox 1159 1190 1204 1223; x_wconf 91' lang='lat' dir='ltr'>ad</span> <span class='ocrx_word' id='word_1_222' title='bbox 1233 1190 1426 1224; x_wconf 86' lang='lat' dir='ltr'>lectionem</span> <span class='ocrx_word' id='word_1_223' title='bbox 1447 1188 1679 1223; x_wconf 87' lang='lat' dir='ltr'>instituentur</span> <span class='ocrx_word' id='word_1_224' title='bbox 1702 1191 1728 1230; x_wconf 61' lang='grc' dir='ltr'>1ἶ</span> 
     </span>
     <span class='ocr_line' id='line_1_20' title="bbox 243 1231 1728 1280; baseline -0.003 -9"><span class='ocrx_word' id='word_1_225' title='bbox 243 1239 279 1279; x_wconf 87' lang='lat'>7,</span> <span class='ocrx_word' id='word_1_226' title='bbox 305 1240 361 1271; x_wconf 92' lang='lat'>17.</span> <span class='ocrx_word' id='word_1_227' title='bbox 386 1231 423 1278; x_wconf 83' lang='grc' dir='ltr'>δ)</span> <span class='ocrx_word' id='word_1_228' title='bbox 456 1237 564 1270; x_wconf 73' lang='lat' dir='ltr'>Genii.</span> <span class='ocrx_word' id='word_1_229' title='bbox 600 1244 631 1269; x_wconf 77' lang='lat' dir='ltr'>et</span> <span class='ocrx_word' id='word_1_230' title='bbox 666 1239 774 1270; x_wconf 58' lang='lat' dir='ltr'>Dan:</span> <span class='ocrx_word' id='word_1_231' title='bbox 820 1236 908 1270; x_wconf 90' lang='lat' dir='ltr'>citra</span> <span class='ocrx_word' id='word_1_232' title='bbox 928 1235 1094 1270; x_wconf 87' lang='lat' dir='ltr'>lectionis</span> <span class='ocrx_word' id='word_1_233' title='bbox 1121 1238 1328 1280; x_wconf 82' lang='lat' dir='ltr'>exemplmn</span> <span class='ocrx_word' id='word_1_234' title='bbox 1362 1238 1419 1278; x_wconf 85' lang='lat'><strong>10,</strong></span> <span class='ocrx_word' id='word_1_235' title='bbox 1443 1237 1478 1279; x_wconf 90' lang='lat'><strong>1,</strong></span> <span class='ocrx_word' id='word_1_236' title='bbox 1501 1237 1534 1269; x_wconf 88' lang='grc'>2.</span> <span class='ocrx_word' id='word_1_237' title='bbox 1561 1234 1591 1269; x_wconf 85' lang='lat' dir='ltr'>si</span> <span class='ocrx_word' id='word_1_238' title='bbox 1615 1245 1728 1275; x_wconf 65' lang='lat' dir='ltr'>nosse</span> 
     </span>
     <span class='ocr_line' id='line_1_21' title="bbox 243 1280 1728 1327; baseline -0.001 -12"><span class='ocrx_word' id='word_1_239' title='bbox 243 1281 330 1326; x_wconf 86' lang='lat' dir='ltr'>quid</span> <span class='ocrx_word' id='word_1_240' title='bbox 365 1281 514 1326; x_wconf 87' lang='lat' dir='ltr'>quisque</span> <span class='ocrx_word' id='word_1_241' title='bbox 548 1281 721 1325; x_wconf 87' lang='lat' dir='ltr'>senserit,</span> <span class='ocrx_word' id='word_1_242' title='bbox 759 1283 875 1325; x_wconf 83' lang='lat' dir='ltr'>volet,</span> <span class='ocrx_word' id='word_1_243' title='bbox 906 1282 1073 1316; x_wconf 85' lang='lat' dir='ltr'>lectionis</span> <span class='ocrx_word' id='word_1_244' title='bbox 1096 1292 1187 1327; x_wconf 86' lang='lat' dir='ltr'>opus</span> <span class='ocrx_word' id='word_1_245' title='bbox 1212 1289 1267 1317; x_wconf 82' lang='lat' dir='ltr'>est</span> <span class='ocrx_word' id='word_1_246' title='bbox 1290 1285 1350 1325; x_wconf 64' lang='grc' dir='ltr'>Ιι12,</span> <span class='ocrx_word' id='word_1_247' title='bbox 1374 1283 1409 1324; x_wconf 82' lang='grc'>3,</span> <span class='ocrx_word' id='word_1_248' title='bbox 1437 1282 1471 1316; x_wconf 89' lang='grc'>8.</span> <span class='ocrx_word' id='word_1_249' title='bbox 1501 1292 1586 1315; x_wconf 89' lang='lat' dir='ltr'>usus</span> <span class='ocrx_word' id='word_1_250' title='bbox 1609 1280 1728 1315; x_wconf 85' lang='lat' dir='ltr'>lectio-</span> 
     </span>
     <span class='ocr_line' id='line_1_22' title="bbox 242 1327 1728 1372; baseline -0.001 -11"><span class='ocrx_word' id='word_1_251' title='bbox 242 1328 300 1362; x_wconf 85' lang='lat' dir='ltr'>nis</span> <span class='ocrx_word' id='word_1_252' title='bbox 322 1338 397 1361; x_wconf 90' lang='lat' dir='ltr'>non</span> <span class='ocrx_word' id='word_1_253' title='bbox 422 1328 626 1361; x_wconf 85' lang='lat' dir='ltr'>scholarum</span> <span class='ocrx_word' id='word_1_254' title='bbox 656 1328 876 1370; x_wconf 87' lang='lat' dir='ltr'>temporibus</span> <span class='ocrx_word' id='word_1_255' title='bbox 908 1329 972 1361; x_wconf 88' lang='lat' dir='ltr'>sed</span> <span class='ocrx_word' id='word_1_256' title='bbox 1001 1327 1099 1363; x_wconf 81' lang='lat' dir='ltr'>vitae</span> <span class='ocrx_word' id='word_1_257' title='bbox 1136 1328 1252 1372; x_wconf 82' lang='lat' dir='ltr'>spatio</span> <span class='ocrx_word' id='word_1_258' title='bbox 1287 1327 1524 1362; x_wconf 85' lang='lat' dir='ltr'>terminentur</span> <span class='ocrx_word' id='word_1_259' title='bbox 1548 1330 1582 1370; x_wconf 90' lang='lat'><strong>1,</strong></span> <span class='ocrx_word' id='word_1_260' title='bbox 1607 1328 1642 1370; x_wconf 91' lang='grc'>8,</span> <span class='ocrx_word' id='word_1_261' title='bbox 1670 1328 1728 1360; x_wconf 78' lang='lat'>12:</span> 
     </span>
     <span class='ocr_line' id='line_1_23' title="bbox 243 1372 1728 1418; baseline -0.001 -11"><span class='ocrx_word' id='word_1_262' title='bbox 243 1379 414 1418; x_wconf 84' lang='lat' dir='ltr'>quantum</span> <span class='ocrx_word' id='word_1_263' title='bbox 458 1383 579 1406; x_wconf 88' lang='lat' dir='ltr'>morae</span> <span class='ocrx_word' id='word_1_264' title='bbox 616 1373 763 1406; x_wconf 86' lang='lat' dir='ltr'>lectioni</span> <span class='ocrx_word' id='word_1_265' title='bbox 798 1372 1030 1407; x_wconf 85' lang='lat' dir='ltr'>festinatione</span> <span class='ocrx_word' id='word_1_266' title='bbox 1063 1373 1251 1416; x_wconf 79' lang='lat' dir='ltr'>adjiciatur</span> <span class='ocrx_word' id='word_1_267' title='bbox 1283 1377 1318 1416; x_wconf 91' lang='lat'><strong>1,</strong></span> <span class='ocrx_word' id='word_1_268' title='bbox 1355 1376 1399 1416; x_wconf 91' lang='lat'><strong>1,</strong></span> <span class='ocrx_word' id='word_1_269' title='bbox 1433 1375 1490 1407; x_wconf 85' lang='lat'>32.</span> <span class='ocrx_word' id='word_1_270' title='bbox 1536 1374 1728 1414; x_wconf 68' lang='lat' dir='ltr'>ae)·Al›1a1..</span> 
     </span>
     <span class='ocr_line' id='line_1_24' title="bbox 238 1416 1728 1466; baseline -0.003 -12"><span class='ocrx_word' id='word_1_271' title='bbox 238 1420 396 1455; x_wconf 73' lang='lat' dir='ltr'>lectione</span> <span class='ocrx_word' id='word_1_272' title='bbox 420 1418 537 1466; x_wconf 86' lang='lat' dir='ltr'>dignis</span> <span class='ocrx_word' id='word_1_273' title='bbox 561 1418 765 1452; x_wconf 88' lang='lat' dir='ltr'>auctoribus</span> <span class='ocrx_word' id='word_1_274' title='bbox 792 1421 848 1462; x_wconf 92' lang='lat'><strong>10,</strong></span> <span class='ocrx_word' id='word_1_275' title='bbox 871 1421 906 1461; x_wconf 86' lang='lat'><strong>2,</strong></span> <span class='ocrx_word' id='word_1_276' title='bbox 938 1421 970 1453; x_wconf 86' lang='lat'>1.</span> <span class='ocrx_word' id='word_1_277' title='bbox 1014 1420 1097 1452; x_wconf 77' lang='lat' dir='ltr'>lect.</span> <span class='ocrx_word' id='word_1_278' title='bbox 1123 1418 1268 1465; x_wconf 86' lang='lat' dir='ltr'>indigna</span> <span class='ocrx_word' id='word_1_279' title='bbox 1294 1422 1327 1461; x_wconf 90' lang='lat'><strong>1,</strong></span> <span class='ocrx_word' id='word_1_280' title='bbox 1365 1420 1400 1460; x_wconf 89' lang='grc'>8,</span> <span class='ocrx_word' id='word_1_281' title='bbox 1434 1419 1488 1453; x_wconf 86' lang='grc'>19.</span> <span class='ocrx_word' id='word_1_282' title='bbox 1524 1429 1616 1462; x_wconf 86' lang='lat' dir='ltr'>quae</span> <span class='ocrx_word' id='word_1_283' title='bbox 1647 1416 1728 1452; x_wconf 75' lang='lat' dir='ltr'>scri-</span> 
     </span>
     <span class='ocr_line' id='line_1_25' title="bbox 242 1463 1728 1511; baseline -0.003 -11"><span class='ocrx_word' id='word_1_284' title='bbox 242 1466 357 1511; x_wconf 88' lang='lat' dir='ltr'>pseris</span> <span class='ocrx_word' id='word_1_285' title='bbox 380 1465 506 1500; x_wconf 87' lang='lat' dir='ltr'>iterata</span> <span class='ocrx_word' id='word_1_286' title='bbox 530 1466 555 1498; x_wconf 94' lang='lat' dir='ltr'>l.</span> <span class='ocrx_word' id='word_1_287' title='bbox 584 1464 773 1508; x_wconf 84' lang='lat' dir='ltr'>complecti</span> <span class='ocrx_word' id='word_1_288' title='bbox 800 1466 856 1507; x_wconf 88' lang='lat'><strong>11,</strong></span> <span class='ocrx_word' id='word_1_289' title='bbox 879 1467 915 1507; x_wconf 88' lang='grc'>2,</span> <span class='ocrx_word' id='word_1_290' title='bbox 939 1467 975 1499; x_wconf 88' lang='grc'>2.</span> <span class='ocrx_word' id='word_1_291' title='bbox 1002 1464 1246 1499; x_wconf 88' lang='lat' dir='ltr'>Gracchorum</span> <span class='ocrx_word' id='word_1_292' title='bbox 1271 1463 1489 1508; x_wconf 83' lang='lat' dir='ltr'>Catonisque</span> <span class='ocrx_word' id='word_1_293' title='bbox 1521 1471 1582 1498; x_wconf 80' lang='lat' dir='ltr'>etc.</span> <span class='ocrx_word' id='word_1_294' title='bbox 1618 1465 1642 1499; x_wconf 88' lang='lat'>1.</span> <span class='ocrx_word' id='word_1_295' title='bbox 1673 1465 1728 1497; x_wconf 88' lang='lat' dir='ltr'>du·</span> 
     </span>
     <span class='ocr_line' id='line_1_26' title="bbox 243 1509 1728 1555; baseline -0.003 -8"><span class='ocrx_word' id='word_1_296' title='bbox 243 1523 388 1547; x_wconf 88' lang='lat' dir='ltr'>rescere</span> <span class='ocrx_word' id='word_1_297' title='bbox 415 1515 450 1554; x_wconf 83' lang='lat'><strong>2,</strong></span> <span class='ocrx_word' id='word_1_298' title='bbox 475 1511 510 1555; x_wconf 87' lang='lat'><strong>5,</strong></span> <span class='ocrx_word' id='word_1_299' title='bbox 539 1513 595 1545; x_wconf 87' lang='grc'>21.</span> <span class='ocrx_word' id='word_1_300' title='bbox 618 1511 642 1544; x_wconf 93' lang='lat' dir='ltr'>l.</span> <span class='ocrx_word' id='word_1_301' title='bbox 672 1510 864 1554; x_wconf 85' lang='lat' dir='ltr'>discipulos</span> <span class='ocrx_word' id='word_1_302' title='bbox 888 1510 1065 1546; x_wconf 82' lang='lat' dir='ltr'>instruere</span> <span class='ocrx_word' id='word_1_303' title='bbox 1091 1513 1127 1552; x_wconf 90' lang='grc'>2,</span> <span class='ocrx_word' id='word_1_304' title='bbox 1159 1513 1194 1554; x_wconf 87' lang='grc'>5,</span> <span class='ocrx_word' id='word_1_305' title='bbox 1230 1513 1265 1544; x_wconf 92' lang='grc'>1.</span> <span class='ocrx_word' id='word_1_306' title='bbox 1311 1511 1336 1543; x_wconf 94' lang='lat' dir='ltr'>l.</span> <span class='ocrx_word' id='word_1_307' title='bbox 1361 1510 1463 1544; x_wconf 79' lang='lat' dir='ltr'>stilus</span> <span class='ocrx_word' id='word_1_308' title='bbox 1486 1509 1680 1554; x_wconf 89' lang='lat' dir='ltr'>requiescit</span> <span class='ocrx_word' id='word_1_309' title='bbox 1703 1512 1728 1552; x_wconf 49' lang='lat'>1,</span> 
     </span>
     <span class='ocr_line' id='line_1_27' title="bbox 243 1555 1728 1602; baseline -0.002 -10"><span class='ocrx_word' id='word_1_310' title='bbox 243 1561 301 1601; x_wconf 89' lang='grc'>12,</span> <span class='ocrx_word' id='word_1_311' title='bbox 329 1558 362 1592; x_wconf 88' lang='grc'>4.</span> <span class='ocrx_word' id='word_1_312' title='bbox 410 1557 541 1602; x_wconf 88' lang='lat' dir='ltr'>scripta</span> <span class='ocrx_word' id='word_1_313' title='bbox 566 1558 591 1591; x_wconf 93' lang='lat'>1.</span> <span class='ocrx_word' id='word_1_314' title='bbox 625 1568 753 1591; x_wconf 87' lang='lat' dir='ltr'>secura</span> <span class='ocrx_word' id='word_1_315' title='bbox 788 1556 1061 1591; x_wconf 86' lang='lat' dir='ltr'>transcurrimus</span> <span class='ocrx_word' id='word_1_316' title='bbox 1100 1559 1156 1599; x_wconf 92' lang='lat'><strong>10,</strong></span> <span class='ocrx_word' id='word_1_317' title='bbox 1186 1556 1220 1600; x_wconf 86' lang='lat'><strong>5,</strong></span> <span class='ocrx_word' id='word_1_318' title='bbox 1244 1557 1286 1599; x_wconf 79' lang='lat'>83</span> <span class='ocrx_word' id='word_1_319' title='bbox 1334 1555 1385 1589; x_wconf 92' lang='lat' dir='ltr'>in</span> <span class='ocrx_word' id='word_1_320' title='bbox 1416 1556 1572 1590; x_wconf 88' lang='lat' dir='ltr'>lectione</span> <span class='ocrx_word' id='word_1_321' title='bbox 1606 1555 1728 1590; x_wconf 61' lang='lat' dir='ltr'>certius</span> 
     </span>
     <span class='ocr_line' id='line_1_28' title="bbox 239 1601 1728 1650; baseline -0.002 -12"><span class='ocrx_word' id='word_1_322' title='bbox 239 1605 411 1650; x_wconf 83' lang='lat' dir='ltr'>judicium</span> <span class='ocrx_word' id='word_1_323' title='bbox 436 1606 492 1647; x_wconf 89' lang='grc'>10,</span> <span class='ocrx_word' id='word_1_324' title='bbox 517 1607 550 1647; x_wconf 90' lang='grc'>1,</span> <span class='ocrx_word' id='word_1_325' title='bbox 581 1605 637 1638; x_wconf 88' lang='grc'>17.</span> <span class='ocrx_word' id='word_1_326' title='bbox 662 1603 701 1636; x_wconf 92' lang='lat' dir='ltr'>in</span> <span class='ocrx_word' id='word_1_327' title='bbox 728 1604 752 1636; x_wconf 94' lang='lat' dir='ltr'>l.</span> <span class='ocrx_word' id='word_1_328' title='bbox 788 1602 912 1646; x_wconf 84' lang='lat' dir='ltr'>(suerit</span> <span class='ocrx_word' id='word_1_329' title='bbox 935 1604 1075 1646; x_wconf 78' lang='lat' dir='ltr'>utilius)</span> <span class='ocrx_word' id='word_1_330' title='bbox 1103 1613 1179 1636; x_wconf 89' lang='lat' dir='ltr'>non</span> <span class='ocrx_word' id='word_1_331' title='bbox 1211 1613 1406 1646; x_wconf 84' lang='lat' dir='ltr'>properare</span> <span class='ocrx_word' id='word_1_332' title='bbox 1439 1603 1484 1636; x_wconf 87' lang='lat' dir='ltr'>ad</span> <span class='ocrx_word' id='word_1_333' title='bbox 1525 1601 1728 1636; x_wconf 82' lang='lat' dir='ltr'>continuan-</span> 
     </span>
     <span class='ocr_line' id='line_1_29' title="bbox 242 1647 1728 1693; baseline -0.002 -8"><span class='ocrx_word' id='word_1_334' title='bbox 242 1652 324 1685; x_wconf 86' lang='lat' dir='ltr'>dam</span> <span class='ocrx_word' id='word_1_335' title='bbox 348 1648 427 1685; x_wconf 84' lang='lat' dir='ltr'>eam</span> <span class='ocrx_word' id='word_1_336' title='bbox 449 1651 512 1686; x_wconf 81' lang='lat' dir='ltr'>vel</span> <span class='ocrx_word' id='word_1_337' title='bbox 536 1650 804 1684; x_wconf 83' lang='lat' dir='ltr'>accelerandam</span> <span class='ocrx_word' id='word_1_338' title='bbox 829 1652 864 1693; x_wconf 90' lang='lat'><strong>1,</strong></span> <span class='ocrx_word' id='word_1_339' title='bbox 896 1651 914 1683; x_wconf 91' lang='lat'>1</span> <span class='ocrx_word' id='word_1_340' title='bbox 931 1674 940 1690; x_wconf 89' lang='lat'><strong>,</strong></span> <span class='ocrx_word' id='word_1_341' title='bbox 973 1651 1031 1684; x_wconf 87' lang='grc'>31.</span> <span class='ocrx_word' id='word_1_342' title='bbox 1080 1648 1178 1683; x_wconf 86' lang='lat' dir='ltr'>oculi</span> <span class='ocrx_word' id='word_1_343' title='bbox 1209 1654 1308 1683; x_wconf 90' lang='lat' dir='ltr'>totos</span> <span class='ocrx_word' id='word_1_344' title='bbox 1339 1648 1446 1682; x_wconf 83' lang='lat' dir='ltr'>simul</span> <span class='ocrx_word' id='word_1_345' title='bbox 1483 1647 1522 1681; x_wconf 90' lang='lat' dir='ltr'>in</span> <span class='ocrx_word' id='word_1_346' title='bbox 1552 1649 1578 1683; x_wconf 91' lang='lat' dir='ltr'>l.</span> <span class='ocrx_word' id='word_1_347' title='bbox 1609 1659 1728 1684; x_wconf 78' lang='lat' dir='ltr'>vel-sm</span> 
     </span>
     <span class='ocr_line' id='line_1_30' title="bbox 240 1693 1728 1741; baseline -0.003 -9"><span class='ocrx_word' id='word_1_348' title='bbox 240 1697 430 1741; x_wconf 80' lang='lat' dir='ltr'>flexusque</span> <span class='ocrx_word' id='word_1_349' title='bbox 456 1706 582 1730; x_wconf 86' lang='lat' dir='ltr'>eorum</span> <span class='ocrx_word' id='word_1_350' title='bbox 617 1700 653 1730; x_wconf 87' lang='lat' dir='ltr'>et</span> <span class='ocrx_word' id='word_1_351' title='bbox 686 1695 855 1729; x_wconf 84' lang='lat' dir='ltr'>transitus</span> <span class='ocrx_word' id='word_1_352' title='bbox 886 1694 1071 1730; x_wconf 87' lang='lat' dir='ltr'>intuentur</span> <span class='ocrx_word' id='word_1_353' title='bbox 1107 1697 1171 1738; x_wconf 86' lang='grc'>10,</span> <span class='ocrx_word' id='word_1_354' title='bbox 1207 1698 1252 1738; x_wconf 92' lang='lat'>7,</span> <span class='ocrx_word' id='word_1_355' title='bbox 1291 1695 1347 1728; x_wconf 85' lang='lat'>11.</span> <span class='ocrx_word' id='word_1_356' title='bbox 1395 1705 1416 1728; x_wconf 88' lang='lat' dir='ltr'>a</span> <span class='ocrx_word' id='word_1_357' title='bbox 1442 1693 1728 1738; x_wconf 74' lang='lat' dir='ltr'>philosopher-un</span> 
     </span>
     <span class='ocr_line' id='line_1_31' title="bbox 239 1738 1728 1787; baseline -0.003 -9"><span class='ocrx_word' id='word_1_358' title='bbox 239 1744 396 1778; x_wconf 86' lang='lat' dir='ltr'>lectione</span> <span class='ocrx_word' id='word_1_359' title='bbox 418 1744 528 1787; x_wconf 86' lang='lat' dir='ltr'>multa</span> <span class='ocrx_word' id='word_1_360' title='bbox 553 1741 659 1776; x_wconf 88' lang='lat' dir='ltr'>nobis</span> <span class='ocrx_word' id='word_1_361' title='bbox 681 1742 836 1786; x_wconf 87' lang='lat' dir='ltr'>petenda</span> <span class='ocrx_word' id='word_1_362' title='bbox 862 1743 918 1784; x_wconf 90' lang='lat'><strong>10,</strong></span> <span class='ocrx_word' id='word_1_363' title='bbox 946 1744 979 1786; x_wconf 90' lang='lat'><strong>1,</strong></span> <span class='ocrx_word' id='word_1_364' title='bbox 1005 1743 1071 1784; x_wconf 75' lang='lat'>353</span> <span class='ocrx_word' id='word_1_365' title='bbox 1106 1741 1192 1775; x_wconf 86' lang='lat' dir='ltr'>licet</span> <span class='ocrx_word' id='word_1_366' title='bbox 1210 1741 1294 1775; x_wconf 87' lang='lat' dir='ltr'>satis</span> <span class='ocrx_word' id='word_1_367' title='bbox 1320 1740 1567 1784; x_wconf 81' lang='lat' dir='ltr'>exemplorum</span> <span class='ocrx_word' id='word_1_368' title='bbox 1591 1741 1635 1773; x_wconf 86' lang='lat' dir='ltr'>ad</span> <span class='ocrx_word' id='word_1_369' title='bbox 1658 1738 1728 1782; x_wconf 65' lang='lat' dir='ltr'>imi7</span> 
     </span>
     <span class='ocr_line' id='line_1_32' title="bbox 238 1785 1728 1833; baseline -0.003 -9"><span class='ocrx_word' id='word_1_370' title='bbox 238 1791 387 1824; x_wconf 85' lang='lat' dir='ltr'>tandum</span> <span class='ocrx_word' id='word_1_371' title='bbox 411 1800 463 1825; x_wconf 81' lang='lat' dir='ltr'>ex</span> <span class='ocrx_word' id='word_1_372' title='bbox 484 1787 697 1823; x_wconf 90' lang='lat' dir='ltr'>lectione</span> <span class='ocrx_word' id='word_1_373' title='bbox 721 1787 946 1833; x_wconf 80' lang='lat' dir='ltr'>suppeditet,</span> <span class='ocrx_word' id='word_1_374' title='bbox 987 1793 1106 1822; x_wconf 87' lang='lat' dir='ltr'>tamen</span> <span class='ocrx_word' id='word_1_375' title='bbox 1140 1786 1260 1823; x_wconf 78' lang='lat' dir='ltr'>viva</span> <span class='ocrx_word' id='word_1_376' title='bbox 1288 1786 1351 1822; x_wconf 86' lang='lat' dir='ltr'>illa</span> <span class='ocrx_word' id='word_1_377' title='bbox 1381 1796 1475 1822; x_wconf 83' lang='lat' dir='ltr'>vox</span> <span class='ocrx_word' id='word_1_378' title='bbox 1508 1785 1570 1821; x_wconf 81' lang='lat' dir='ltr'>alit</span> <span class='ocrx_word' id='word_1_379' title='bbox 1597 1785 1728 1831; x_wconf 84' lang='lat' dir='ltr'>plenim</span> 
     </span>
     <span class='ocr_line' id='line_1_33' title="bbox 237 1837 394 1880; baseline -0.006 -9"><span class='ocrx_word' id='word_1_380' title='bbox 237 1839 273 1879; x_wconf 91' lang='grc'>2,</span> <span class='ocrx_word' id='word_1_381' title='bbox 297 1839 334 1880; x_wconf 92' lang='grc'>2,</span> <span class='ocrx_word' id='word_1_382' title='bbox 358 1837 394 1871; x_wconf 88' lang='grc'>8.</span> 
     </span>
    </p>

    <p class='ocr_par' dir='ltr' id='par_1_5' title="bbox 189 1877 595 1936">
     <span class='ocr_line' id='line_1_34' title="bbox 189 1877 595 1936; baseline 0.005 -16"><span class='ocrx_word' id='word_1_383' title='bbox 189 1877 376 1923; x_wconf 80' lang='lat' dir='ltr'>Lectito.</span> <span class='ocrx_word' id='word_1_384' title='bbox 416 1892 453 1936; x_wconf 81' lang='lat'><strong>9,</strong></span> <span class='ocrx_word' id='word_1_385' title='bbox 476 1893 511 1935; x_wconf 86' lang='lat'>1,</span> <span class='ocrx_word' id='word_1_386' title='bbox 538 1894 595 1928; x_wconf 83' lang='lat'>12.</span> 
     </span>
    </p>
   </div>
   <div class='ocr_carea' id='block_1_5' title="bbox 190 1935 1728 2280">
    <p class='ocr_par' dir='ltr' id='par_1_6' title="bbox 191 1935 1728 2223">
     <span class='ocr_line' id='line_1_35' title="bbox 191 1935 1728 1994; baseline -0.001 -15"><span class='ocrx_word' id='word_1_387' title='bbox 191 1935 365 1980; x_wconf 83' lang='lat' dir='ltr'>Lector.</span> <span class='ocrx_word' id='word_1_388' title='bbox 414 1951 455 1992; x_wconf 87' lang='grc' dir='ltr'>α)</span> <span class='ocrx_word' id='word_1_389' title='bbox 483 1951 540 1994; x_wconf 81' lang='lat' dir='ltr'>qui</span> <span class='ocrx_word' id='word_1_390' title='bbox 569 1949 669 1990; x_wconf 72' lang='lat' dir='ltr'>legit.-</span> <span class='ocrx_word' id='word_1_391' title='bbox 705 1947 772 1991; x_wconf 86' lang='lat' dir='ltr'>Ep.</span> <span class='ocrx_word' id='word_1_392' title='bbox 799 1949 845 1982; x_wconf 84' lang='lat' dir='ltr'>ad</span> <span class='ocrx_word' id='word_1_393' title='bbox 872 1947 1012 1994; x_wconf 87' lang='lat' dir='ltr'>Tryph.</span> <span class='ocrx_word' id='word_1_394' title='bbox 1037 1949 1074 1982; x_wconf 89' lang='grc'>2.</span> <span class='ocrx_word' id='word_1_395' title='bbox 1100 1947 1236 1982; x_wconf 72' lang='lat' dir='ltr'>otiosus</span> <span class='ocrx_word' id='word_1_396' title='bbox 1261 1947 1286 1986; x_wconf 87' lang='lat' dir='ltr'>l.</span> <span class='ocrx_word' id='word_1_397' title='bbox 1313 1945 1349 1989; x_wconf 94' lang='lat'>4,</span> <span class='ocrx_word' id='word_1_398' title='bbox 1373 1948 1410 1990; x_wconf 81' lang='grc'>2,</span> <span class='ocrx_word' id='word_1_399' title='bbox 1433 1943 1457 1980; x_wconf 85' lang='grc'>4</span> <span class='ocrx_word' id='word_1_400' title='bbox 1484 1947 1520 1981; x_wconf 88' lang='lat' dir='ltr'>S.</span> <span class='ocrx_word' id='word_1_401' title='bbox 1546 1944 1728 1980; x_wconf 84' lang='lat' dir='ltr'>necvelin</span> 
     </span>
     <span class='ocr_line' id='line_1_36' title="bbox 239 1993 1728 2041; baseline -0.004 -11"><span class='ocrx_word' id='word_1_402' title='bbox 239 1997 384 2041; x_wconf 86' lang='lat' dir='ltr'>quidem</span> <span class='ocrx_word' id='word_1_403' title='bbox 406 1997 582 2030; x_wconf 88' lang='lat' dir='ltr'>lectorem</span> <span class='ocrx_word' id='word_1_404' title='bbox 606 1993 683 2027; x_wconf 88' lang='lat' dir='ltr'>dari</span> <span class='ocrx_word' id='word_1_405' title='bbox 704 1993 812 2037; x_wconf 89' lang='lat' dir='ltr'>mihi,</span> <span class='ocrx_word' id='word_1_406' title='bbox 848 1995 934 2039; x_wconf 80' lang='lat' dir='ltr'>quid</span> <span class='ocrx_word' id='word_1_407' title='bbox 956 1993 1073 2028; x_wconf 86' lang='lat' dir='ltr'>studia</span> <span class='ocrx_word' id='word_1_408' title='bbox 1096 1995 1275 2034; x_wconf 85' lang='lat' dir='ltr'>referant,</span> <span class='ocrx_word' id='word_1_409' title='bbox 1310 1997 1593 2036; x_wconf 73' lang='lat' dir='ltr'>computatur-um</span> <span class='ocrx_word' id='word_1_410' title='bbox 1620 1994 1654 2034; x_wconf 90' lang='lat'><strong>1,</strong></span> <span class='ocrx_word' id='word_1_411' title='bbox 1680 1994 1728 2025; x_wconf 84' lang='grc'>12.</span> 
     </span>
     <span class='ocr_line' id='line_1_37' title="bbox 240 2038 1728 2086; baseline -0.005 -8"><span class='ocrx_word' id='word_1_412' title='bbox 240 2046 286 2078; x_wconf 86' lang='grc'>17</span> <span class='ocrx_word' id='word_1_413' title='bbox 316 2043 364 2077; x_wconf 90' lang='grc' dir='ltr'>Ν.</span> <span class='ocrx_word' id='word_1_414' title='bbox 400 2050 432 2076; x_wconf 82' lang='lat' dir='ltr'>et</span> <span class='ocrx_word' id='word_1_415' title='bbox 464 2043 502 2075; x_wconf 89' lang='lat' dir='ltr'>S.</span> <span class='ocrx_word' id='word_1_416' title='bbox 579 2039 630 2086; x_wconf 80' lang='grc' dir='ltr'>β)</span> <span class='ocrx_word' id='word_1_417' title='bbox 676 2043 733 2083; x_wconf 83' lang='lat' dir='ltr'>qui</span> <span class='ocrx_word' id='word_1_418' title='bbox 766 2043 909 2075; x_wconf 73' lang='lat' dir='ltr'>recitat.-</span> <span class='ocrx_word' id='word_1_419' title='bbox 958 2051 1070 2074; x_wconf 87' lang='lat' dir='ltr'>unum</span> <span class='ocrx_word' id='word_1_420' title='bbox 1109 2040 1264 2085; x_wconf 89' lang='lat' dir='ltr'>aliquem</span> <span class='ocrx_word' id='word_1_421' title='bbox 1306 2038 1522 2073; x_wconf 87' lang='lat' dir='ltr'>constituere</span> <span class='ocrx_word' id='word_1_422' title='bbox 1565 2038 1728 2072; x_wconf 73' lang='lat' dir='ltr'>lectoren</span> 
     </span>
     <span class='ocr_line' id='line_1_38' title="bbox 239 2082 1728 2132; baseline -0.003 -9"><span class='ocrx_word' id='word_1_423' title='bbox 239 2091 286 2132; x_wconf 82' lang='lat'><strong>2,</strong></span> <span class='ocrx_word' id='word_1_424' title='bbox 312 2089 356 2132; x_wconf 92' lang='grc'>5,</span> <span class='ocrx_word' id='word_1_425' title='bbox 379 2089 415 2124; x_wconf 88' lang='grc'>6.</span> <span class='ocrx_word' id='word_1_426' title='bbox 486 2088 523 2132; x_wconf 83' lang='grc' dir='ltr'>γ)</span> <span class='ocrx_word' id='word_1_427' title='bbox 556 2088 591 2120; x_wconf 82' lang='lat' dir='ltr'>in</span> <span class='ocrx_word' id='word_1_428' title='bbox 615 2086 774 2130; x_wconf 81' lang='lat' dir='ltr'>judiciis.-</span> <span class='ocrx_word' id='word_1_429' title='bbox 820 2098 902 2121; x_wconf 91' lang='lat' dir='ltr'>cum</span> <span class='ocrx_word' id='word_1_430' title='bbox 930 2087 1063 2121; x_wconf 87' lang='lat' dir='ltr'>Brutus</span> <span class='ocrx_word' id='word_1_431' title='bbox 1091 2086 1130 2120; x_wconf 89' lang='lat' dir='ltr'>in</span> <span class='ocrx_word' id='word_1_432' title='bbox 1163 2085 1393 2120; x_wconf 80' lang='lat' dir='ltr'>accusatione</span> <span class='ocrx_word' id='word_1_433' title='bbox 1425 2082 1491 2117; x_wconf 90' lang='lat' dir='ltr'>Cn.</span> <span class='ocrx_word' id='word_1_434' title='bbox 1529 2083 1669 2117; x_wconf 86' lang='lat' dir='ltr'>Planci·</span> <span class='ocrx_word' id='word_1_435' title='bbox 1689 2094 1728 2118; x_wconf 67' lang='lat' dir='ltr'>ex</span> 
     </span>
     <span class='ocr_line' id='line_1_39' title="bbox 237 2128 1724 2177; baseline -0.002 -9"><span class='ocrx_word' id='word_1_436' title='bbox 237 2135 378 2168; x_wconf 86' lang='lat' dir='ltr'>duobus</span> <span class='ocrx_word' id='word_1_437' title='bbox 416 2132 613 2168; x_wconf 89' lang='lat' dir='ltr'>lectoribus</span> <span class='ocrx_word' id='word_1_438' title='bbox 655 2132 871 2168; x_wconf 86' lang='lat' dir='ltr'>ostendisset</span> <span class='ocrx_word' id='word_1_439' title='bbox 913 2140 990 2177; x_wconf 71' lang='lat' dir='ltr'>eta,</span> <span class='ocrx_word' id='word_1_440' title='bbox 1024 2138 1098 2167; x_wconf 82' lang='lat' dir='ltr'>tres</span> <span class='ocrx_word' id='word_1_441' title='bbox 1137 2130 1311 2167; x_wconf 77' lang='lat' dir='ltr'>excitavit</span> <span class='ocrx_word' id='word_1_442' title='bbox 1346 2135 1382 2164; x_wconf 90' lang='lat' dir='ltr'>et</span> <span class='ocrx_word' id='word_1_443' title='bbox 1415 2128 1493 2175; x_wconf 82' lang='lat' dir='ltr'>ipse</span> <span class='ocrx_word' id='word_1_444' title='bbox 1523 2131 1677 2164; x_wconf 84' lang='lat' dir='ltr'>lectores</span> <span class='ocrx_word' id='word_1_445' title='bbox 1701 2130 1724 2165; x_wconf 87' lang='lat'>6</span> 
     </span>
     <span class='ocr_line' id='line_1_40' title="bbox 236 2179 357 2223; baseline 0 -8"><span class='ocrx_word' id='word_1_446' title='bbox 236 2182 273 2223; x_wconf 89' lang='lat'><strong>3,</strong></span> <span class='ocrx_word' id='word_1_447' title='bbox 298 2179 357 2215; x_wconf 81' lang='lat'><strong>44.</strong></span> 
     </span>
    </p>

    <p class='ocr_par' dir='ltr' id='par_1_7' title="bbox 190 2226 1100 2280">
     <span class='ocr_line' id='line_1_41' title="bbox 190 2226 1100 2280; baseline 0.002 -13"><span class='ocrx_word' id='word_1_448' title='bbox 190 2226 366 2267; x_wconf 74' lang='lat' dir='ltr'>Lectus.</span> <span class='ocrx_word' id='word_1_449' title='bbox 414 2246 543 2280; x_wconf 89' lang='lat' dir='ltr'>corpus</span> <span class='ocrx_word' id='word_1_450' title='bbox 566 2234 772 2280; x_wconf 86' lang='lat' dir='ltr'>impositum</span> <span class='ocrx_word' id='word_1_451' title='bbox 800 2237 895 2270; x_wconf 89' lang='lat' dir='ltr'>lecto</span> <span class='ocrx_word' id='word_1_452' title='bbox 920 2235 955 2279; x_wconf 90' lang='lat'><strong>6,</strong></span> <span class='ocrx_word' id='word_1_453' title='bbox 981 2236 1015 2278; x_wconf 89' lang='lat'><strong>1,</strong></span> <span class='ocrx_word' id='word_1_454' title='bbox 1041 2236 1100 2269; x_wconf 90' lang='lat'>31.</span> 
     </span>
    </p>
   </div>
   <div class='ocr_carea' id='block_1_6' title="bbox 193 2281 1728 2520">
    <p class='ocr_par' dir='ltr' id='par_1_8' title="bbox 193 2281 1728 2520">
     <span class='ocr_line' id='line_1_42' title="bbox 193 2281 1724 2343; baseline -0.001 -20"><span class='ocrx_word' id='word_1_455' title='bbox 193 2281 384 2338; x_wconf 81' lang='lat' dir='ltr'>Legalis.</span> <span class='ocrx_word' id='word_1_456' title='bbox 441 2293 529 2327; x_wconf 87' lang='lat' dir='ltr'>illud</span> <span class='ocrx_word' id='word_1_457' title='bbox 552 2294 629 2340; x_wconf 88' lang='lat' dir='ltr'>leg</span> <span class='ocrx_word' id='word_1_458' title='bbox 643 2295 742 2336; x_wconf 87' lang='lat' dir='ltr'>ale,</span> <span class='ocrx_word' id='word_1_459' title='bbox 773 2294 844 2328; x_wconf 90' lang='lat' dir='ltr'>hoc</span> <span class='ocrx_word' id='word_1_460' title='bbox 863 2291 1115 2327; x_wconf 79' lang='lat' dir='ltr'>rationale</span> <span class='ocrx_word' id='word_1_461' title='bbox 1137 2286 1417 2343; x_wconf 69' lang='lat' dir='ltr'>(quqesiionum)</span> <span class='ocrx_word' id='word_1_462' title='bbox 1449 2298 1562 2336; x_wconf 86' lang='lat' dir='ltr'>genus</span> <span class='ocrx_word' id='word_1_463' title='bbox 1585 2287 1724 2322; x_wconf 84' lang='lat' dir='ltr'>Herma·</span> 
     </span>
     <span class='ocr_line' id='line_1_43' title="bbox 242 2330 1728 2388; baseline -0.004 -13"><span class='ocrx_word' id='word_1_464' title='bbox 242 2351 348 2387; x_wconf 84' lang='lat' dir='ltr'>goras</span> <span class='ocrx_word' id='word_1_465' title='bbox 376 2345 447 2384; x_wconf 86' lang='lat' dir='ltr'>atq.</span> <span class='ocrx_word' id='word_1_466' title='bbox 472 2339 692 2373; x_wconf 39' lang='lat' dir='ltr'>eumvsecuti</span> <span class='ocrx_word' id='word_1_467' title='bbox 714 2345 871 2382; x_wconf 81' lang='lat' dir='ltr'>vocant,</span> <span class='ocrx_word' id='word_1_468' title='bbox 906 2338 942 2372; x_wconf 92' lang='lat' dir='ltr'>id</span> <span class='ocrx_word' id='word_1_469' title='bbox 967 2343 1021 2372; x_wconf 87' lang='lat' dir='ltr'>est</span> <span class='ocrx_word' id='word_1_470' title='bbox 1054 2347 1162 2378; x_wconf 82' lang='grc' dir='ltr'><em>νομι</em></span> <span class='ocrx_word' id='word_1_471' title='bbox 1176 2347 1256 2388; x_wconf 30' lang='grc' dir='ltr'>κίον</span> <span class='ocrx_word' id='word_1_472' title='bbox 1291 2340 1326 2368; x_wconf 89' lang='lat' dir='ltr'>et</span> <span class='ocrx_word' id='word_1_473' title='bbox 1356 2330 1559 2380; x_wconf 64' lang='grc' dir='ltr'>λογικόν</span> <span class='ocrx_word' id='word_1_474' title='bbox 1588 2335 1624 2376; x_wconf 83' lang='lat'><strong>3,</strong></span> <span class='ocrx_word' id='word_1_475' title='bbox 1656 2336 1691 2378; x_wconf 89' lang='grc'>5,</span> <span class='ocrx_word' id='word_1_476' title='bbox 1713 2342 1728 2364; x_wconf 54' lang='lat'>11</span> 
     </span>
     <span class='ocr_line' id='line_1_44' title="bbox 238 2381 1728 2432; baseline -0.004 -13"><span class='ocrx_word' id='word_1_477' title='bbox 238 2386 286 2427; x_wconf 81' lang='lat' dir='ltr'>cs.</span> <span class='ocrx_word' id='word_1_478' title='bbox 311 2389 346 2430; x_wconf 89' lang='lat'><strong>3,</strong></span> <span class='ocrx_word' id='word_1_479' title='bbox 376 2386 410 2428; x_wconf 90' lang='grc'>6,</span> <span class='ocrx_word' id='word_1_480' title='bbox 436 2385 493 2421; x_wconf 89' lang='grc'>86.</span> <span class='ocrx_word' id='word_1_481' title='bbox 518 2386 575 2420; x_wconf 90' lang='grc'>87.</span> <span class='ocrx_word' id='word_1_482' title='bbox 602 2386 674 2430; x_wconf 80' lang='lat' dir='ltr'>leg.</span> <span class='ocrx_word' id='word_1_483' title='bbox 700 2383 858 2428; x_wconf 67' lang='lat' dir='ltr'>(partem</span> <span class='ocrx_word' id='word_1_484' title='bbox 883 2385 1036 2417; x_wconf 74' lang='lat' dir='ltr'>civilitati</span> <span class='ocrx_word' id='word_1_485' title='bbox 1060 2381 1078 2425; x_wconf 93' lang='lat'>)</span> <span class='ocrx_word' id='word_1_486' title='bbox 1100 2384 1136 2424; x_wconf 88' lang='grc'>2,</span> <span class='ocrx_word' id='word_1_487' title='bbox 1172 2382 1228 2432; x_wconf 66' lang='lat'>19,</span> <span class='ocrx_word' id='word_1_488' title='bbox 1263 2381 1320 2415; x_wconf 90' lang='grc'>25.</span> <span class='ocrx_word' id='word_1_489' title='bbox 1368 2385 1535 2425; x_wconf 85' lang='lat' dir='ltr'>quattuor</span> <span class='ocrx_word' id='word_1_490' title='bbox 1561 2385 1680 2424; x_wconf 77' lang='lat' dir='ltr'>partes</span> <span class='ocrx_word' id='word_1_491' title='bbox 1710 2381 1728 2427; x_wconf 62' lang='lat' dir='ltr'>l⁴</span> 
     </span>
     <span class='ocr_line' id='line_1_45' title="bbox 241 2395 1728 2512; baseline -0.003 -47"><span class='ocrx_word' id='word_1_492' title='bbox 241 2434 278 2474; x_wconf 88' lang='grc'>3,</span> <span class='ocrx_word' id='word_1_493' title='bbox 307 2433 342 2475; x_wconf 89' lang='grc'>6,</span> <span class='ocrx_word' id='word_1_494' title='bbox 371 2433 458 2512; x_wconf 78' lang='lat'>38.3</span> <span class='ocrx_word' id='word_1_495' title='bbox 474 2431 752 2512; x_wconf 51' lang='lat' dir='ltr'>quulaestiones</span> <span class='ocrx_word' id='word_1_496' title='bbox 776 2433 819 2465; x_wconf 82' lang='lat' dir='ltr'>ib.</span> <span class='ocrx_word' id='word_1_497' title='bbox 843 2429 902 2465; x_wconf 86' lang='lat'>46.</span> <span class='ocrx_word' id='word_1_498' title='bbox 927 2428 986 2466; x_wconf 86' lang='grc'>54.</span> <span class='ocrx_word' id='word_1_499' title='bbox 1009 2395 1067 2464; x_wconf 50' lang='lat'>61.</span> <span class='ocrx_word' id='word_1_500' title='bbox 1100 2428 1225 2474; x_wconf 74' lang='lat' dir='ltr'>legalis</span> <span class='ocrx_word' id='word_1_501' title='bbox 1249 2432 1361 2461; x_wconf 85' lang='lat' dir='ltr'>status</span> <span class='ocrx_word' id='word_1_502' title='bbox 1384 2428 1420 2471; x_wconf 84' lang='lat'><strong>3,</strong></span> <span class='ocrx_word' id='word_1_503' title='bbox 1449 2426 1484 2468; x_wconf 86' lang='lat'><strong>6,</strong></span> <span class='ocrx_word' id='word_1_504' title='bbox 1512 2423 1571 2461; x_wconf 87' lang='grc'>45.</span> <span class='ocrx_word' id='word_1_505' title='bbox 1603 2427 1728 2488; x_wconf 63' lang='lat' dir='ltr'>legale3</span> 
     </span>
     <span class='ocr_line' id='line_1_46' title="bbox 239 2482 594 2520; baseline 0.003 -10"><span class='ocrx_word' id='word_1_506' title='bbox 239 2482 411 2512; x_wconf 80' lang='lat' dir='ltr'>tractatus</span> <span class='ocrx_word' id='word_1_507' title='bbox 462 2503 473 2520; x_wconf 93' lang='lat'><strong>,</strong></span> <span class='ocrx_word' id='word_1_508' title='bbox 524 2502 535 2520; x_wconf 91' lang='lat'><strong>,</strong></span> <span class='ocrx_word' id='word_1_509' title='bbox 585 2502 594 2511; x_wconf 91' lang='lat'><strong>.</strong></span> 
     </span>
    </p>
   </div>
   <div class='ocr_carea' id='block_1_7' title="bbox 195 2530 1719 2726">
    <p class='ocr_par' dir='ltr' id='par_1_9' title="bbox 195 2530 1719 2726">
     <span class='ocr_line' id='line_1_47' title="bbox 195 2530 1719 2591; baseline -0.004 -12"><span class='ocrx_word' id='word_1_510' title='bbox 195 2530 395 2587; x_wconf 85' lang='lat' dir='ltr'>Legatio.</span> <span class='ocrx_word' id='word_1_511' title='bbox 441 2546 467 2578; x_wconf 95' lang='lat'>1.</span> <span class='ocrx_word' id='word_1_512' title='bbox 494 2545 588 2578; x_wconf 90' lang='lat' dir='ltr'>male</span> <span class='ocrx_word' id='word_1_513' title='bbox 608 2547 708 2591; x_wconf 86' lang='lat' dir='ltr'>gesta</span> <span class='ocrx_word' id='word_1_514' title='bbox 731 2540 768 2586; x_wconf 88' lang='grc'>4,</span> <span class='ocrx_word' id='word_1_515' title='bbox 791 2540 827 2586; x_wconf 88' lang='grc'>4,</span> <span class='ocrx_word' id='word_1_516' title='bbox 851 2541 885 2578; x_wconf 89' lang='grc'>5.</span> <span class='ocrx_word' id='word_1_517' title='bbox 912 2543 948 2584; x_wconf 91' lang='grc'>7,</span> <span class='ocrx_word' id='word_1_518' title='bbox 971 2540 1008 2584; x_wconf 90' lang='grc'>4,</span> <span class='ocrx_word' id='word_1_519' title='bbox 1035 2541 1092 2575; x_wconf 87' lang='grc'>36.</span> <span class='ocrx_word' id='word_1_520' title='bbox 1137 2545 1178 2574; x_wconf 84' lang='lat' dir='ltr'>ut</span> <span class='ocrx_word' id='word_1_521' title='bbox 1207 2538 1422 2573; x_wconf 83' lang='lat' dir='ltr'>immoriaris</span> <span class='ocrx_word' id='word_1_522' title='bbox 1447 2537 1618 2585; x_wconf 83' lang='lat' dir='ltr'>legationi</span> <span class='ocrx_word' id='word_1_523' title='bbox 1640 2539 1675 2580; x_wconf 89' lang='lat'><strong>9,</strong></span> <span class='ocrx_word' id='word_1_524' title='bbox 1702 2540 1719 2573; x_wconf 79' lang='grc' dir='ltr'><em>Ξ</em></span> 
     </span>
     <span class='ocr_line' id='line_1_48' title="bbox 244 2584 1718 2637; baseline -0.005 -13"><span class='ocrx_word' id='word_1_525' title='bbox 244 2592 303 2624; x_wconf 88' lang='grc'>73.</span> <span class='ocrx_word' id='word_1_526' title='bbox 328 2588 567 2637; x_wconf 83' lang='lat' dir='ltr'>legationibus</span> <span class='ocrx_word' id='word_1_527' title='bbox 589 2589 691 2636; x_wconf 81' lang='lat' dir='ltr'>fungi</span> <span class='ocrx_word' id='word_1_528' title='bbox 713 2590 749 2632; x_wconf 91' lang='lat'><strong>3,</strong></span> <span class='ocrx_word' id='word_1_529' title='bbox 775 2591 811 2631; x_wconf 91' lang='grc'>2,</span> <span class='ocrx_word' id='word_1_530' title='bbox 839 2586 875 2622; x_wconf 88' lang='lat'>4.</span> <span class='ocrx_word' id='word_1_531' title='bbox 897 2597 972 2621; x_wconf 88' lang='lat' dir='ltr'>non</span> <span class='ocrx_word' id='word_1_532' title='bbox 996 2586 1070 2621; x_wconf 91' lang='lat' dir='ltr'>obii</span> <span class='ocrx_word' id='word_1_533' title='bbox 1097 2585 1314 2633; x_wconf 86' lang='lat' dir='ltr'>legationem</span> <span class='ocrx_word' id='word_1_534' title='bbox 1345 2584 1411 2628; x_wconf 86' lang='lat' dir='ltr'>(ex</span> <span class='ocrx_word' id='word_1_535' title='bbox 1439 2587 1568 2621; x_wconf 83' lang='lat' dir='ltr'>Graeco</span> <span class='ocrx_word' id='word_1_536' title='bbox 1594 2588 1718 2617; x_wconf 74' lang='lat' dir='ltr'>transtu</span> 
     </span>
     <span class='ocr_line' id='line_1_49' title="bbox 244 2629 1716 2681; baseline -0.009 -8"><span class='ocrx_word' id='word_1_537' title='bbox 244 2636 337 2674; x_wconf 77' lang='lat' dir='ltr'>ium)</span> <span class='ocrx_word' id='word_1_538' title='bbox 360 2638 395 2678; x_wconf 88' lang='grc'>9,</span> <span class='ocrx_word' id='word_1_539' title='bbox 421 2638 455 2679; x_wconf 90' lang='grc'>3,</span> <span class='ocrx_word' id='word_1_540' title='bbox 481 2636 538 2671; x_wconf 88' lang='grc'>55.</span> <span class='ocrx_word' id='word_1_541' title='bbox 581 2641 663 2681; x_wconf 86' lang='lat' dir='ltr'>post</span> <span class='ocrx_word' id='word_1_542' title='bbox 684 2636 856 2679; x_wconf 88' lang='lat' dir='ltr'>perlatam</span> <span class='ocrx_word' id='word_1_543' title='bbox 878 2635 948 2681; x_wconf 84' lang='lat' dir='ltr'>leg.</span> <span class='ocrx_word' id='word_1_544' title='bbox 973 2635 1009 2677; x_wconf 93' lang='lat'><strong>7,</strong></span> <span class='ocrx_word' id='word_1_545' title='bbox 1036 2632 1071 2676; x_wconf 90' lang='lat'><strong>4,</strong></span> <span class='ocrx_word' id='word_1_546' title='bbox 1097 2634 1154 2668; x_wconf 86' lang='grc'>36.</span> <span class='ocrx_word' id='word_1_547' title='bbox 1198 2631 1238 2665; x_wconf 92' lang='lat' dir='ltr'>in</span> <span class='ocrx_word' id='word_1_548' title='bbox 1260 2630 1441 2678; x_wconf 83' lang='lat' dir='ltr'>legatione</span> <span class='ocrx_word' id='word_1_549' title='bbox 1471 2631 1508 2675; x_wconf 87' lang='lat'><strong>3,</strong></span> <span class='ocrx_word' id='word_1_550' title='bbox 1538 2630 1574 2674; x_wconf 90' lang='grc'>8,</span> <span class='ocrx_word' id='word_1_551' title='bbox 1607 2629 1640 2665; x_wconf 90' lang='grc'>5.</span> <span class='ocrx_word' id='word_1_552' title='bbox 1676 2641 1716 2675; x_wconf 74' lang='grc' dir='ltr'>φ.</span> 
     </span>
     <span class='ocr_line' id='line_1_50' title="bbox 242 2679 679 2726; baseline 0.005 -13"><span class='ocrx_word' id='word_1_553' title='bbox 242 2679 282 2713; x_wconf 91' lang='lat' dir='ltr'>in</span> <span class='ocrx_word' id='word_1_554' title='bbox 305 2682 375 2726; x_wconf 81' lang='lat' dir='ltr'>leg.</span> <span class='ocrx_word' id='word_1_555' title='bbox 401 2688 476 2715; x_wconf 86' lang='lat' dir='ltr'>erat</span> <span class='ocrx_word' id='word_1_556' title='bbox 499 2686 535 2726; x_wconf 89' lang='lat'><strong>7,</strong></span> <span class='ocrx_word' id='word_1_557' title='bbox 564 2684 598 2726; x_wconf 87' lang='lat'><strong>1,</strong></span> <span class='ocrx_word' id='word_1_558' title='bbox 624 2683 679 2717; x_wconf 86' lang='lat'>50.</span> 
     </span>
    </p>
   </div>
   <div class='ocr_carea' id='block_1_8' title="bbox 196 2732 1420 2792">
    <p class='ocr_par' dir='ltr' id='par_1_10' title="bbox 196 2732 1420 2792">
     <span class='ocr_line' id='line_1_51' title="bbox 196 2732 1420 2792; baseline -0.004 -9"><span class='ocrx_word' id='word_1_559' title='bbox 196 2732 423 2789; x_wconf 67' lang='lat' dir='ltr'>Legatum·</span> <span class='ocrx_word' id='word_1_560' title='bbox 466 2765 513 2772; x_wconf 93' lang='lat'>—</span> <span class='ocrx_word' id='word_1_561' title='bbox 534 2752 620 2792; x_wconf 83' lang='lat' dir='ltr'>peto</span> <span class='ocrx_word' id='word_1_562' title='bbox 644 2758 695 2782; x_wconf 84' lang='lat' dir='ltr'>ex</span> <span class='ocrx_word' id='word_1_563' title='bbox 716 2751 930 2783; x_wconf 86' lang='lat' dir='ltr'>testamento</span> <span class='ocrx_word' id='word_1_564' title='bbox 952 2744 988 2790; x_wconf 90' lang='lat'><strong>4,</strong></span> <span class='ocrx_word' id='word_1_565' title='bbox 1012 2747 1048 2789; x_wconf 87' lang='lat'><strong>2,</strong></span> <span class='ocrx_word' id='word_1_566' title='bbox 1071 2744 1106 2780; x_wconf 84' lang='lat'>6.</span> <span class='ocrx_word' id='word_1_567' title='bbox 1130 2757 1165 2779; x_wconf 81' lang='lat' dir='ltr'>v.</span> <span class='ocrx_word' id='word_1_568' title='bbox 1197 2744 1259 2779; x_wconf 91' lang='lat' dir='ltr'>Le</span> <span class='ocrx_word' id='word_1_569' title='bbox 1267 2747 1420 2791; x_wconf 81' lang='lat' dir='ltr'>gatus·</span> 
     </span>
    </p>
   </div>
   <div class='ocr_carea' id='block_1_9' title="bbox 200 2787 1728 2911">
    <p class='ocr_par' dir='ltr' id='par_1_11' title="bbox 200 2787 1728 2911">
     <span class='ocr_line' id='line_1_52' title="bbox 200 2787 1703 2849; baseline -0.01 -4"><span class='ocrx_word' id='word_1_570' title='bbox 200 2790 405 2846; x_wconf 48' lang='lat' dir='ltr'>Legassus·</span> <span class='ocrx_word' id='word_1_571' title='bbox 453 2803 488 2847; x_wconf 91' lang='lat' dir='ltr'>I)</span> <span class='ocrx_word' id='word_1_572' title='bbox 511 2804 600 2847; x_wconf 84' lang='lat' dir='ltr'>juris</span> <span class='ocrx_word' id='word_1_573' title='bbox 623 2806 706 2839; x_wconf 92' lang='lat' dir='ltr'>loco</span> <span class='ocrx_word' id='word_1_574' title='bbox 731 2804 854 2849; x_wconf 87' lang='lat' dir='ltr'>quaeri</span> <span class='ocrx_word' id='word_1_575' title='bbox 880 2804 973 2838; x_wconf 85' lang='lat' dir='ltr'>solet</span> <span class='ocrx_word' id='word_1_576' title='bbox 1008 2822 1055 2830; x_wconf 91' lang='grc'>--</span> <span class='ocrx_word' id='word_1_577' title='bbox 1093 2811 1280 2847; x_wconf 86' lang='lat' dir='ltr'>quousque</span> <span class='ocrx_word' id='word_1_578' title='bbox 1309 2799 1356 2833; x_wconf 81' lang='lat' dir='ltr'>sit</span> <span class='ocrx_word' id='word_1_579' title='bbox 1382 2801 1453 2846; x_wconf 89' lang='lat' dir='ltr'>leg.</span> <span class='ocrx_word' id='word_1_580' title='bbox 1464 2787 1488 2833; x_wconf 52' lang='grc' dir='ltr'>ἶ</span> <span class='ocrx_word' id='word_1_581' title='bbox 1515 2799 1560 2840; x_wconf 88' lang='lat'><strong>7,</strong></span> <span class='ocrx_word' id='word_1_582' title='bbox 1596 2794 1640 2839; x_wconf 90' lang='lat'>4,</span> <span class='ocrx_word' id='word_1_583' title='bbox 1670 2796 1703 2849; x_wconf 45' lang='lat'>3·</span> 
     </span>
     <span class='ocr_line' id='line_1_53' title="bbox 248 2843 1728 2911; baseline -0.004 -29"><span class='ocrx_word' id='word_1_584' title='bbox 248 2849 296 2892; x_wconf 90' lang='lat'>11)</span> <span class='ocrx_word' id='word_1_585' title='bbox 318 2849 343 2882; x_wconf 87' lang='lat' dir='ltr'>i.</span> <span class='ocrx_word' id='word_1_586' title='bbox 368 2861 400 2894; x_wconf 74' lang='lat' dir='ltr'>q.</span> <span class='ocrx_word' id='word_1_587' title='bbox 426 2849 532 2885; x_wconf 77' lang='lat' dir='ltr'>dux.-</span> <span class='ocrx_word' id='word_1_588' title='bbox 576 2849 748 2895; x_wconf 82' lang='lat' dir='ltr'>[Fulvius</span> <span class='ocrx_word' id='word_1_589' title='bbox 774 2849 996 2895; x_wconf 82' lang='lat' dir='ltr'>propinquus</span> <span class='ocrx_word' id='word_1_590' title='bbox 1019 2850 1139 2896; x_wconf 88' lang='lat' dir='ltr'>legato</span> <span class='ocrx_word' id='word_1_591' title='bbox 1165 2845 1421 2893; x_wconf 83' lang='lat' dir='ltr'>interroganti,</span> <span class='ocrx_word' id='word_1_592' title='bbox 1454 2856 1501 2880; x_wconf 82' lang='lat' dir='ltr'>an</span> <span class='ocrx_word' id='word_1_593' title='bbox 1529 2854 1568 2878; x_wconf 83' lang='lat' dir='ltr'>m</span> <span class='ocrx_word' id='word_1_594' title='bbox 1594 2843 1728 2911; x_wconf 49' lang='lat' dir='ltr'><strong>tabum.</strong></span> 
     </span>
    </p>
   </div>
   <div class='ocr_carea' id='block_1_10' title="bbox 1693 2489 1728 2899">
    <p class='ocr_par' dir='ltr' id='par_1_12' title="bbox 1693 2489 1728 2899">
     <span class='ocr_line' id='line_1_54' title="bbox 1722 2489 1728 2630; baseline 0 372"><span class='ocrx_word' id='word_1_595' title='bbox 1722 2489 1728 2630; x_wconf 95' lang='lat' dir='ltr'> </span> 
     </span>
     <span class='ocr_line' id='line_1_55' title="bbox 1693 2630 1728 2899; baseline 0 -85"><span class='ocrx_word' id='word_1_596' title='bbox 1693 2630 1728 2899; x_wconf 95' lang='lat' dir='ltr'>    </span> 
     </span>
    </p>
   </div>
  </div>
 </body>
</html>
