1728 3002
750 244 893 288 Judex
1488 241 1570 284 46⁵

83 366 120 403 4.
165 367 255 412 juo.
282 374 445 414 secessus
467 364 582 406 tosa,
604 362 663 397 23.
710 357 845 394 uheri
876 357 1170 403 jucundoque
1199 365 1308 390 succo
1338 356 1399 399 10,
1433 356 1475 398 1,
1510 355 1569 389 31.

64 415 176 458 ‘juc.
200 418 272 457 atq.
297 410 453 446 nitida
475 407 657 443 translatio
681 407 716 449 8,
743 405 786 447 6,,
811 403 847 438 4.
892 403 962 456 juc.
990 400 1183 448 (varietas)
1206 404 1241 445 9,
1268 400 1304 445 4,
1327 402 1382 437 58.
1408 400 1449 442 b)
1475 402 1570 435 Com-

3 458 6 459 ⁷
83 465 220 504 parat„-
250 455 517 502 jucundioribus
540 453 652 499 epulis
677 454 733 495 10,
758 452 792 493 5,
818 451 874 485 15.
920 461 990 494 Juc.
1013 449 1082 484 erit
1104 448 1217 493 (fig.)
1238 448 1275 491 9,
1301 449 1336 490 3,
1359 446 1384 481 4
1407 447 1453 480 N.
1480 447 1569 493 figu-

59 533 66 536 .
81 505 132 539 ris
156 503 223 538 erit
246 501 436 547 jucundior
457 500 604 544 (medius
626 501 743 533 modus
767 497 919 538 dicendi)
958 498 1022 539 12,
1056 497 1121 539 10,
1152 494 1211 530 65.
1256 503 1375 528 sermo
1411 493 1568 527 Graecus

80 549 210 584 Latino
232 549 303 593 juo.
326 550 370 582 fb.
396 549 454 582 33.
480 557 559 582 vox
584 542 760 579 Demetrii
782 542 897 586 juc.,
928 540 1024 575 illius
1046 539 1143 575 acri
1155 550 1203 574 or
1227 541 1290 582 11,
1322 541 1368 582 3,
1397 539 1483 591 178.
1531 537 1566 581 c)

85 598 276 639 Superzat..·
300 604 408 638 quam
431 593 503 637 iuc.
527 590 738 635 compositio
762 587 799 631 4,
825 591 860 629 2,
884 590 964 622 117.
1010 586 1071 621 illa
1095 595 1187 622 vero
1211 585 1464 630 jucundissima
1493 583 1565 627 (sc.

76 640 282 684 figura).6,
306 643 340 682 1,
362 638 388 673 4
408 639 456 673 N.
482 639 554 682 juc.
583 648 630 672 ex
657 635 803 671 Graecis
825 633 948 667 literas
976 634 1032 675 12,
1057 635 1114 676 10,
1151 634 1209 666 27.
1256 642 1348 666 sono
1382 629 1567 676 jucundis-

82 687 172 722 sima
199 684 353 728 (verba)
375 686 412 725 8,
435 682 483 726 3,“
505 686 562 718 17.
612 680 865 726 jucundissima
894 678 933 712 in
965 683 1108 713 oratore
1143 677 1361 721 humanitas,
1400 676 1566 719 facilitas,

11 754 14 756 -
79 731 300 774 moderatio,
336 729 579 764 benivolentia
607 731 664 772 11,
688 731 723 772 1,
747 726 805 761 42.

6 777 189 821 &sudem
211 803 259 810 -
278 786 406 831 micis
432 789 464 830 1,
492 786 528 829 6,
551 784 618 828 24;
648 787 732 820 60..
753 787 802 827 pz.
826 781 983 826 judicum
1008 779 1060 824 (a.
1086 783 1111 815 ι.
1149 778 1344 824 judicium)
1381 781 1439 823 11,
1471 782 1505 822 1,
1541 781 1565 815 8

25 859 29 866 ,
80 833 122 870 Ν
146 847 194 870 cr.
225 832 260 875 Ι)
284 845 382 866 sensu
400 831 542 874 sorensi.
590 830 633 874 a)
660 844 688 865 c.
718 830 912 864 attributis.-
940 827 966 871 j.
994 826 1048 860 rei
1072 825 1232 870 capitalis
1265 830 1301 869 7,
1327 829 1362 869 3,
1388 828 1455 868 333
1488 826 1562 869 jud.

80 885 141 914 aut
160 878 214 913 ira
235 884 295 912 aut
319 883 467 922 propter
489 877 634 921 aliquod
656 875 883 910 commodum
908 884 930 907 a
949 883 1056 907 causa
1077 871 1231 906 alienum
1255 875 1313 916 11,
1338 875 1370 915 1,
1393 871 1437 907 75
1463 875 1506 906 Ζ.
1529 884 1564 906 v.

82 925 167 961 lrs.
213 929 383 967 attentum
405 925 430 968 j.
453 922 488 965 4,
514 926 546 963 1,
572 925 627 957 33.
652 935 685 959 v.
710 920 928 955 Attendo.
973 918 1013 952 in
1045 917 1166 962 parvis
1187 919 1294 952 rebus
1319 916 1566 962 judicibusque

79 968 148 1012 ⁶11,-
165 972 200 1012 1,
223 969 270 1003 44
294 971 342 1005 Ν.
366 971 390 1014 j.
418 968 607 1016 religiosus
628 967 665 1011 4,
690 968 785 1010 1,1,9.
831 970 950 999 rectus
974 965 998 1007 j.
1022 966 1066 998 ib.
1093 963 1148 998 14.
1175 964 1199 1008 j.
1223 965 1350 998 sedens
1373 963 1488 998 adhuc
1512 969 1567 997 at-

23 1055 45 1059 q
72 1025 154 1060 aque
177 1014 380 1060 audiens,6‚
406 1017 442 1058 2,
465 1018 499 1050 7.
545 1019 757 1058 occupatum
779 1010 890 1046 variis
915 1009 1190 1056 cogitationibus
1216 1009 1394 1053 judicem,
1427 1013 1462 1042 et
1485 1020 1565 1043 sae-

47 1072 50 1082 ¹
81 1059 164 1105 pius
186 1060 401 1094 ineruditum
426 1062 481 1103 10,
508 1062 542 1101 1,
567 1062 624 1094 32.
671 1057 714 1102 β)
742 1059 934 1092 Nominat..·
966 1056 1004 1090 si
1021 1055 1135 1090 estin
1164 1054 1282 1100 aliqua
1312 1059 1487 1099 potestate
1508 1053 1566 1098 ju-

57 1110 66 1121 *
83 1106 156 1141 dex
178 1104 213 1147 4,
239 1107 273 1149 5,
300 1108 356 1139 10.
403 1107 448 1140 de
471 1106 598 1149 quibus
625 1103 809 1152 cognoscit
831 1100 952 1146 (iud.)
987 1101 1022 1144 8,
1049 1103 1084 1144 3,
1107 1101 1164 1136 62.
1199 1101 1272 1146 jud.
1304 1112 1343 1135 se
1365 1100 1442 1145 ipse
1466 1111 1568 1135 com-

83 1150 184 1196 ponit
208 1155 265 1194 11,
289 1153 324 1193 3,
356 1153 435 1186 157.
459 1151 511 1184 sic
535 1150 690 1184 maxime
712 1150 786 1195 jud.
810 1147 924 1182 credit
946 1146 1085 1199 figuris,
1118 1146 1151 1180 si
1172 1157 1240 1180 nos
1263 1152 1363 1190 putat
1385 1146 1483 1181 nolle
1510 1146 1567 1180 di-

71 1207 168 1242 cere
191 1198 226 1240 9,
249 1200 285 1240 2,
311 1199 370 1232 72.
415 1196 571 1231 maxime
593 1197 694 1231 favet
718 1195 805 1240 jud„
831 1193 892 1239 qui
918 1192 986 1226 sibi
1009 1192 1186 1226 dicentem
1214 1192 1385 1226 assentire
1408 1197 1505 1235 putat
1529 1195 1565 1236 3,

36 1276 56 1289 ἱ,
83 1245 121 1286 7,
141 1245 198 1277 25.
245 1248 285 1276 ut
311 1243 356 1277 de
377 1253 417 1276 re
439 1253 582 1287 quoque
608 1242 718 1285 judex
742 1241 839 1284 (Sp.
867 1236 946 1281 om.)
971 1239 1062 1272 bene
1085 1237 1216 1272 sentiat
1237 1241 1272 1281 7,
1297 1239 1336 1282 5,
1361 1241 1382 1273 3
1414 1242 1458 1271 Ζ.
1491 1237 1567 1273 illic

36 1300 42 1330 j
85 1288 138 1334 (ἱιι
155 1289 310 1332 judicis)
333 1288 406 1331 jud.
430 1293 527 1322 tacet
549 1291 606 1331 12,
628 1287 663 1330 6,
687 1286 721 1321 5.
768 1286 842 1330 jud.
873 1295 998 1329 parum
1034 1283 1102 1318 sibi
1139 1284 1312 1328 praestari
1341 1284 1567 1319 reverentiae

44 1348 50 1359 «
82 1334 196 1368 aedit
217 1336 273 1377 11,
299 1335 335 1377 3,
360 1335 438 1368 133.
465 1333 509 1375 qil
538 1332 574 1376 4,
602 1335 636 1376 1,
658 1334 716 1368 55.
762 1343 808 1365 ne
830 1331 905 1375 jud.
931 1341 1010 1364 eam
1032 1329 1254 1373 (orationem)
1281 1331 1342 1364 vel
1367 1329 1568 1376 intelligere

41 1378 59 1396 Γ
81 1379 145 1416 vel
167 1390 293 1424 capere
318 1389 394 1413 non
414 1380 527 1423 possit
550 1381 606 1421 11,
635 1381 668 1421 1,
699 1376 747 1412 45
785 1376 829 1418 qs:
859 1376 916 1411 84.
964 1375 995 1410 si
1025 1381 1185 1410 nostrum
1215 1375 1313 1410 illum
1346 1378 1466 1423 iguem
1495 1377 1568 1420 jud.

35 1434 54 1466 >A
82 1425 286 1469 conceperit
310 1427 366 1468 11,
390 1426 424 1469 3,
448 1427 480 1459 3.
505 1435 552 1458 ne
574 1425 698 1468 judex,
724 1435 794 1468 qua
816 1424 861 1456 de
883 1433 924 1456 re
945 1421 1081 1455 dicatur
1105 1421 1198 1467 (Sp.
1223 1421 1443 1467 quaeratur),
1461 1421 1569 1469 igno-

44 1485 50 1491 ·
83 1476 146 1514 rat'
167 1469 212 1514 4,
240 1473 286 1514 2,
314 1471 361 1506 86
382 1473 427 1505 Z.
463 1471 508 1504 ad
532 1470 596 1514 id,
630 1470 727 1514 quod
749 1468 954 1513 pronuntiat
976 1468 1070 1512 jud„
1100 1478 1176 1502 non
1204 1467 1264 1511 id,
1299 1474 1445 1512 propter
1471 1469 1567 1512 quod

32 1516 45 1525 ”
83 1517 290 1561 pronuntiat
314 1519 349 1559 3,
372 1517 408 1559 6,
433 1518 490 1551 73.
537 1527 583 1550 an
605 1517 691 1550 sciat
712 1516 802 1558 jud„
830 1515 875 1548 de
904 1524 976 1558 quo
1014 1514 1174 1556 dicatur,
1218 1514 1308 1547 nihil
1343 1516 1386 1547 ad
1417 1514 1568 1548 oratoris

43 1582 51 1595 ι
85 1568 198 1596 artem
222 1565 259 1604 2,
283 1565 340 1605 17,
358 1563 422 1597 37.
446 1562 482 1596 id
508 1573 649 1606 quoque
675 1561 864 1606 phu-imum
885 1561 1012 1602 refert,
1045 1559 1226 1603 quomodo
1251 1560 1375 1593 audire
1399 1560 1470 1602 jud.
1501 1571 1569 1594 ve-

46 1605 128 1654 ’Ὦς
146 1610 206 1651 12,
229 1610 284 1646 10,
308 1608 368 1644 56.
411 1607 474 1642 ubi
497 1619 592 1641 arma
614 1608 776 1649 valeant,
808 1605 963 1649 judicem
985 1615 1059 1639 non
1084 1616 1163 1639 esse
1184 1605 1218 1647 5,
1244 1608 1301 1648 10,
1331 1605 1416 1648 1143
1451 1607 1566 1640 Phar..-

36 1658 65 1697 ’Ὺ
83 1652 221 1699 J‘nffices
246 1655 309 1688 vel
332 1653 574 1698 praesidentes
598 1653 822 1700 magistratus
844 1653 890 1695 6,
923 1652 965 1692 4,
999 1654 1056 1684 11.
1103 1651 1142 1684 in
1174 1651 1290 1684 causis
1322 1651 1496 1695 publicis,
1532 1652 1571 1686 in

47 1698 214 1743 {aquibus
235 1699 336 1739 multi
361 1705 443 1733 sunt
468 1699 603 1741 iudices
627 1702 685 1742 11,
710 1701 743 1741 3,
769 1700 848 1732 130.
894 1696 1030 1740 judices
1053 1697 1247 1730 secundum
1269 1698 1387 1744 legem
1412 1697 1570 1731 dicturos

63 1734 298 1787 *seutentiam
321 1746 356 1788 5,
384 1747 440 1785 13,
462 1749 497 1780 7.
543 1746 617 1789 jud.
633 1771 644 1788 ‚
677 1744 738 1788 qui
765 1744 863 1777 nulla
885 1748 981 1776 certa
1017 1742 1270 1786 pronuntiandi
1299 1746 1415 1777 forma
1443 1749 1571 1776 tenen-

83 1790 221 1866 {ui-3¹1&
245 1791 279 1824 5.
301 1790 376 1845 iud.
398 1790 543 1835 quidam
571 1789 769 1842 tristiores,
798 1800 908 1841 quam·
926 1794 966 1822 ut
1002 1788 1111 1855 risum³
1143 1788 1296 1823 libenter
1328 1788 1571 1845 1³³¹f³¹3f¹¹rss²

95 1833 1244 1929 ⁶303...¹21sszsgssssffi:43¹¹33¹3¹J¹¹¹33¹2¹131323:
1288 1833 1572 1913 ἔιὲέὲἴῖὸιίἕῖ

94 1921 304 1975 canon-het
322 1926 424 1959 vocis
449 1927 692 1960 modulatione
716 1925 997 1971 concitationem*
1011 1925 1139 1968 judicis
1161 1927 1253 1967 (Sp.
1283 1942 1329 1947 —
1353 1936 1432 1958 cum
1443 1922 1468 1967 ),
1504 1925 1573 1958 alia

93 1967 375 2003 misericordiam
393 1971 544 2014 petimus
568 1974 602 2014 1,
627 1973 683 2013 10,
708 1972 752 2004 25
781 1974 822 2004 Ζ.
870 1969 997 2012 judicis
1031 1970 1153 2003 afferat
1181 1970 1289 2003 fidem
1323 1973 1386 2012 10,
1420 1972 1458 2011 1,
1492 1972 1572 2004 111.

94 2024 170 2048 non
194 2019 423 2057 sempertam
446 2027 524 2050 esse
550 2026 668 2049 acrem
702 2014 827 2058 judicis
862 2015 1098 2048 intentionem
1120 2016 1163 2057 8,
1192 2018 1239 2057 2,
1271 2015 1329 2049 23.
1374 2015 1574 2050 firmissima

96 2070 258 2104 quaeque
280 2061 469 2094 memoriae
491 2060 616 2103 judicis
639 2061 848 2093 inculcanda
872 2065 954 2092 sunt
976 2059 1020 2100 6,
1055 2058 1093 2101 4,
1129 2062 1161 2094 5.
1208 2061 1282 2103 jud.
1311 2070 1430 2094 mores
1466 2071 1575 2095 nosse

95 2105 207 2140 velim
230 2103 266 2147 4,
297 2107 331 2146 1,
354 2107 410 2138 17.
454 2106 526 2148 jud.
556 2115 698 2149 quoque
720 2105 900 2138 noscenda
926 2109 1052 2137 natura
1079 2109 1134 2138 est
1160 2103 1196 2147 4,
1219 2107 1254 2148 3,
1279 2108 1334 2139 11.
1378 2106 1477 2150 optio
1500 2107 1572 2150 jud.

98 2151 143 2194 5,·
156 2151 192 2193 6,
218 2150 249 2185 6.
274 2159 462 2193 personam
488 2150 610 2183 induat
637 2151 710 2194 jud.
737 2152 791 2190 12,
815 2151 850 2191 8,
878 2151 934 2184 15.
974 2150 1058 2192 jud.
1081 2151 1200 2184 vultus
1227 2162 1334 2195 saepe
1355 2151 1434 2196 ipse
1455 2158 1576 2187 rector

99 2202 155 2230 est
179 2195 377 2229 dicentis
402 2198 456 2234 12,
482 2197 537 2237 10,
565 2196 632 2236 56;
673 2194 858 2228 consilium
895 2194 1052 2238 judicum
1082 2195 1280 2239 sapientum
1313 2199 1378 2239 12,
1414 2199 1480 2240 10,
1514 2200 1575 2238 52.

97 2241 302 2277 reverentia
326 2240 480 2284 judicum
503 2240 677 2275 contineri
703 2243 757 2283 11,
787 2244 819 2282 1,
845 2241 901 2276 29.
949 2236 983 2280 d)
1005 2243 1109 2274 Dat..·
1146 2242 1288 2276 auferre
1309 2242 1418 2285 iudici
1441 2243 1574 2278 verita·

98 2292 172 2321 tem
196 2290 252 2328 12,
277 2290 310 2328 1,
334 2287 389 2320 36-
436 2286 524 2319 iram
547 2285 695 2319 offensio
722 2285 830 2329 judici
852 2285 949 2328 (Sp.
972 2285 1120 2328 judicis)
1143 2287 1231 2321 facit
1255 2288 1290 2330 6,
1315 2292 1348 2331 1,
1381 2287 1426 2322 14
1451 2293 1494 2323 Ζ.
1519 2290 1577 2334 ju-

101 2332 173 2366 dici
194 2332 285 2365 ratio
309 2337 452 2365 nostrae
473 2331 727 2366 moderationis
755 2331 898 2375 probari
922 2331 1028 2365 debet
1054 2334 1110 2374 11,
1136 2334 1170 2375 1,
1197 2334 1255 2368 68.
1277 2339 1319 2368 ut
1339 2333 1461 2378 judici,
1485 2346 1576 2380 quae

101 2377 285 2430 proposita
306 2376 457 2419 fuerint,
490 2388 579 2412 vera
602 2382 671 2421 atq.
695 2378 844 2411 honesta
878 2376 1066 2411 videantur
1101 2380 1164 2420 12,
1190 2381 1229 2422 1,
1259 2382 1317 2414 11.
1363 2382 1398 2421 s)
1427 2384 1575 2416 Accus.:

101 2422 255 2467 judicem
279 2433 360 2456 rura
387 2423 593 2466 plerumque
614 2422 653 2456 in
676 2422 837 2456 decurias
860 2422 997 2456 mittant
1018 2421 1060 2466 4,
1093 2426 1136 2466 2,
1165 2422 1224 2459 45.
1275 2426 1493 2460 accendendi
1521 2428 1580 2471 ju-

102 2468 192 2502 dicis
214 2469 333 2512 plures
354 2469 482 2515 gradus
506 2471 561 2510 11,
586 2470 619 2511 3,
645 2469 721 2503 166.
748 2480 768 2502 a
790 2479 830 2502 se
849 2468 1003 2512 judicem
1027 2474 1164 2504 avertat
1180 2471 1215 2513 9,
1236 2472 1272 2514 2,
1294 2472 1351 2507 91.
1377 2484 1409 2506 v.
1437 2472 1580 2507 Aver-

101 2520 163 2548 to.
207 2525 288 2548 cum
314 2513 352 2547 in
375 2514 599 2548 accusatione
622 2514 852 2548 concitandus
875 2520 930 2548 est
951 2514 1082 2557 judex,
1116 2520 1175 2548 aut
1197 2516 1313 2561 aliqua
1334 2517 1579 2564 indignatione

103 2560 336 2603 complendus
361 2561 395 2601 9,
422 2558 458 2602 4,
484 2560 563 2593 138.
587 2571 618 2593 υ.
644 2558 702 2594 Co
714 2560 808 2593 ncit
819 2570 853 2593 o.
902 2559 987 2603 quid
1013 2559 1258 2605 conciliando,
1302 2564 1478 2606 docendo,
1500 2574 1581 2597 mo-

66 2606 225 2648 ⁹...arendo
248 2605 356 2648 judici
381 2605 571 2639 conveniat
597 2607 653 2648 11,
686 2609 719 2650 1,
755 2606 790 2640 6.
823 2617 854 2638 υ.
882 2604 1123 2640 Concilio.
1169 2608 1338 2643 Doceo.
1385 2609 1579 2644 Moveo.

98 2649 144 2686 in
171 2650 394 2684 accusatione
417 2651 570 2693 judicem
595 2649 632 2683 in
656 2661 694 2684 se
718 2655 929 2684 convertere
956 2654 1010 2691 11,
1034 2653 1068 2692 3,
1094 2653 1354 2696 128.,ῇῐιᾱίοθπι
1383 2666 1402 2687 a
1428 2653 1582 2689 veritate

80 2695 237 2740 ,depelli
261 2695 523 2738 misericordia,
554 2695 667 2742 gratia
690 2696 774 2739 (Sp.
801 2698 862 2729 vel
884 2694 959 2739 ira)
984 2697 1223 2742 similibusque
1246 2701 1280 2742 5,
1303 2701 1360 2734 Pr.
1389 2703 1406 2733 1
1432 2704 1473 2733 Z.
1500 2711 1582 2734 cum

76 2739 119 2787 ‘³‘
144 2742 216 2775 dex
241 2742 344 2775 detur
366 2747 425 2775 aut
448 2743 598 2785 populus
622 2747 681 2775 aut
708 2753 758 2776 ex
789 2743 923 2786 populo
955 2745 1011 2785 12,
1046 2745 1101 2785 10,
1134 2746 1189 2778 53.
1234 2745 1272 2778 in
1305 2756 1396 2790 quae
1428 2746 1582 2788 judicem

87 2785 191 2838 iouci
214 2787 428 2830 formarique
450 2789 615 2822 volumus
640 2790 695 2830 11,
728 2790 762 2830 1,
789 2792 823 2821 2.
870 2798 938 2821 nec
970 2799 1018 2824 ex
1053 2790 1235 2824 advocatis
1269 2792 1378 2834 partis
1409 2792 1582 2827 adversae
1636 2798 1639 2805 ·

110 2833 184 2874 jud,
207 2832 388 2878 eligendus
414 2835 445 2867 5.
474 2834 509 2877 6,
532 2836 567 2868 6.
614 2844 694 2866 cum
717 2838 959 2871 transversum
982 2833 1019 2871 vi
1041 2845 1104 2868 sua
1127 2836 1281 2878 judicem
1314 2837 1424 2879 ferat,
1467 2843 1584 2871 tamen

159 2902 239 2933 Lex.
266 2901 379 2943 Quint.
1134 2905 1178 2936 30
