1728 3002
732 124 936 179 Quotidie
965 148 1023 157 —
1050 122 1185 187 Rapio
1646 125 1728 165 757

193 229 400 284 Quotidie
430 244 468 276 et
493 237 818 288 Quotidianae
848 251 884 274 υ.
909 238 1118 275 cotidie.
1155 236 1448 284 Cotidianns.

192 294 417 350 Quotiens·
459 306 624 354 quotiens
647 306 811 342 diuoemtt
832 306 1044 351 a-nlatio,
1091 305 1251 342 succedit
1281 305 1480 340 humanitas
1506 305 1570 346 11,
1596 303 1723 355 1,.16.

238 354 283 397 qil
309 357 353 398 2,
378 355 446 398 16,
473 356 530 390 10.
552 353 600 398 6,
621 355 666 397 2,
690 352 745 389 14.
773 354 815 397 8,
844 355 890 397 3,
915 354 971 390 56.
994 353 1039 396 9,
1063 355 1108 397 2,
1131 356 1165 388 7.
1190 352 1247 388 34.
1271 357 1307 396 9,
1330 354 1366 395 3,
1388 352 1447 387 75.
1469 351 1528 386 76.
1560 355 1600 383 ut
1621 347 1721 382 inma

237 401 489 444 clausulaeque
521 399 711 445 plurimum
742 398 913 434 momenti
946 399 1101 439 habent,
1140 411 1176 444 q.
1208 400 1303 442 (Sp.
1335 400 1453 442 mjn‘c.
1484 403 1719 442 quatenus,

229 445 378 489 frustm)
402 444 527 491 incipit
549 456 675 479 sensus
697 450 758 479 aut
781 445 912 480 desinit
933 446 970 489 9,
988 445 1027 488 4,
1050 445 1098 480 67
1111 446 1158 479 N.
1183 451 1223 479 ut
1247 444 1361 478 nostri
1386 447 1526 489 poetae,
1552 454 1588 487 q.
1613 441 1718 474 dulce

235 503 386 528 cal-meuv
402 503 490 527 esse.
505 491 705 530 voluerint.
739 491 885 526 illorum
904 490 943 526 id
971 489 1175 525 nominibus
1207 495 1388 526 exornent
1411 493 1476 533 12,
1502 491 1567 531 10,
1589 488 1648 522 33.
1672 486 1717 527 qs.

231 542 280 581 2,
303 537 351 581 4,
373 540 433 573 27.
464 543 634 582 expertus
658 549 737 572 sum
759 538 954 581 prodesse,
990 549 1026 582 q.
1053 538 1203 573 eandem
1229 536 1436 578 materiam,
1469 546 1592 571 rursus
1615 544 1636 566 a
1659 544 1717 585 me

218 588 472 628 semotam,
495 583 653 618 scribere
675 585 720 618 de
743 583 884 631 integro
908 583 1067 626 juberem
1086 586 1123 626 2,
1143 582 1180 626 4,
1206 585 1262 619 13.
1297 584 1387 618 Nam
1411 588 1447 617 et
1469 581 1496 615 ii
1521 598 1561 605 —-
1587 579 1717 626 ignari,

282 629 292 639 ‘
320 635 414 665 esset
443 629 627 677 epilogus,
664 642 701 675 q.
732 630 1036 674 respexisset
1063 634 1254 674 patronus,
1283 628 1580 664 offerebant
1600 626 1715 670 palam

229 641 327 720 3:¹¹1,
351 674 412 714 40.
457 676 547 710 Sunt
571 676 686 718 enim,
713 675 774 720 qui
794 695 839 702 —
863 676 972 720 idque
994 675 1190 717 faciant,
1215 687 1251 720 q.
1281 674 1410 709 librum
1431 674 1471 708 in
1495 682 1623 707 manus
1649 682 1716 705 re-

231 717 495 757 sumserunt
518 721 579 765 (a.
606 726 630 756 1.
656 721 915 766 resumserint)
938 715 1073 756 similes
1094 721 1243 766 medicis
1267 723 1323 764 10,
1346 720 1383 762 4,
1411 723 1446 756 3.
1473 719 1546 761 An,
1568 729 1606 769 q.
1630 727 1716 760 pro-

228 767 305 811 pria
334 767 417 811 (lex)
439 778 516 802 non
537 772 624 811 est,
647 767 753 802 simili
779 767 841 802 sit
863 769 1035 802 utendum
1058 770 1096 811 7,
1118 769 1154 811 8,
1178 771 1214 802 7.
1238 778 1307 802 nec
1332 777 1487 812 uuquam
1512 769 1610 798 tanta
1633 764 1714 816 fue-

227 813 276 847 rit
297 812 466 857 loquendi
489 814 659 856 facultas,
695 820 734 847 ut
756 824 831 847 non
860 813 1033 848 titubet
1061 818 1167 859 atque
1198 815 1430 855 haereat,
1461 823 1498 856 q.
1523 811 1569 844 ab
1593 820 1712 844 ammo

227 859 343 894 verba
369 859 669 893 dissentiunt
694 862 750 901 12,
774 863 808 903 1,
832 861 896 903 29;
920 871 956 904 q.
980 859 1102 894 licebit
1127 862 1183 902 10,
1207 863 1245 903 7,
1268 861 1326 896 29.
1352 871 1387 904 q.
1409 856 1541 902 poterit
1565 855 1655 908 726²
1676 856 1711 889 9·

226 916 263 949 q.
280 904 479 948 poterimus
503 907 540 947 7,
566 906 600 948 5,
624 907 659 939 3.
685 917 718 939 v.
738 905 945 940 Possum.
968 917 1005 950 q.
1032 905 1224 952 contigerit
1247 908 1307 948 11,
1336 908 1369 949 1,
1393 906 1451 940 78.
1477 915 1511 948 q.
1530 902 1609 936 fieri
1631 906 1713 944 pot-

224 948 295 985 erit
315 951 364 992 3,
386 953 431 993 7,
465 949 523 983 24.
557 961 592 994 q.
624 955 813 994 utrumque
846 951 925 985 fieri
946 955 1067 995 potest
1089 950 1137 994 4,
1165 955 1207 993 1,
1239 950 1303 991 46;
1340 949 1562 994 quotiens
1593 952 1714 981 autem

222 995 412 1043 prooemio
434 995 606 1028 fuerimus
629 995 705 1037 usi,
731 1002 815 1030 tum
835 1014 882 1022 —
900 995 1106 1030 iit-debebit
1126 996 1165 1030 in
1187 995 1363 1040 principio
1386 1001 1607 1040 postremum
1632 1003 1712 1026 esse

223 1041 260 1084 4,
278 1045 313 1084 1,
329 1041 387 1076 76.
406 1040 532 1076 vitium
553 1041 637 1084 en’t,
661 1041 890 1085 quotiens
914 1041 1086 1078 vitiosum
1109 1041 1219 1076 fuerit
1244 1047 1281 1077 et
1304 1041 1494 1088 supererit,
1517 1051 1591 1075 non
1615 1050 1710 1073 cum

223 1086 409 1130 adjicietur
431 1087 467 1129 8,
490 1089 525 1130 3,
551 1085 607 1122 54.
639 1086 685 1129 ‘fi
713 1088 770 1122 82.
1347 1119 1359 1129 ,

178 1128 361 1183 Quotus·
393 1142 435 1178 iu
454 1144 527 1177 hoc
549 1149 659 1188 quota
679 1154 764 1189 pars
786 1141 875 1186 erit,
900 1142 998 1187 quod
1021 1148 1083 1177 aut
1100 1143 1164 1177 inn
1330 1142 1508 1186 tuebitur,
1532 1147 1594 1175 aut
1616 1140 1708 1192 εει-,ἒξ

224 1191 283 1232 12,
307 1191 343 1232 1,
363 1189 411 1224 26
433 1190 480 1268 ΙΣ
505 1195 670 1234 quotus
693 1190 788 1224 enim
814 1188 1018 1234 quisque
1040 1189 1198 1225 inveniri
1314 1191 1463 1224 demens
1484 1193 1625 1234 potest,
1648 1198 1711 1231 qui

129 1259 134 1276 ,
221 1241 286 1269 ece.
310 1236 368 1277 10,
392 1237 427 1278 1,
479 1237 509 1268 1.

162 1277 424 1335 'Quousque.
457 1289 502 1335 a)
525 1303 559 1335 q.
583 1291 716 1336 patitur
738 1292 850 1327 decor
875 1294 917 1332 1,
940 1292 984 1334 5,
1008 1291 1067 1327 63.
1092 1304 1128 1337 q.
1156 1293 1280 1327 deceat
1298 1293 1493 1335 extollere,
1518 1290 1615 1334 qnod
1639 1299 1710 1341 nq-

220 1337 277 1371 bis
310 1347 386 1371 non
418 1336 575 1371 creditur
603 1339 647 1380 8,
677 1339 721 1380 6,
744 1339 802 1373 74.
834 1339 959 1372 unde
993 1343 1030 1372 et
1062 1348 1322 1383 quousque
1351 1338 1423 1380 iam
1453 1341 1627 1382 provecta
1662 1341 1708 1368 sit

219 1381 347 1418 orandi
368 1382 519 1418 facultas
540 1386 583 1426 2,
609 1384 669 1425 16,
695 1384 751 1418 18.
796 1383 840 1427 β)
863 1385 906 1418 de
926 1392 1094 1430 1emporq:
1127 1396 1163 1430 (Ι.
1187 1385 1232 1418 sit
1254 1385 1392 1431 legatus
1416 1387 1451 1427 7,
1478 1382 1514 1426 4,
1540 1383 1598 1417 36.
1627 1382 1708 1426 plu-

218 1429 347 1462 rimum
367 1429 503 1471 refert,
533 1435 570 1463 et
593 1441 615 1463 a
638 1440 729 1475 quo
755 1429 905 1476 accipiat
929 1428 1095 1475 (orator),
1133 1436 1171 1465 et
1198 1436 1447 1476 quantum,
1482 1434 1518 1464 et
1548 1438 1705 1473 quous-

217 1485 304 1520 que
325 1476 394 1520 12,
417 1474 455 1519 7;
477 1477 520 1511 1¹
545 1476 591 1511 Ns
659 1511 664 1517 ,

908 1588 966 1635 R.

175 1661 229 1705 R·
260 1673 342 1708 Rho
374 1672 469 1718 (Sp.
491 1672 546 1717 Ρ)
573 1673 720 1717 literae,
752 1683 831 1720 qua·
855 1675 1120 1710 Demosthenes
1151 1676 1350 1720 laboravit,
1383 1676 1504 1710 Labda
1527 1673 1579 1719 (S
1587 1687 1624 1720 p.
1646 1673 1704 1716 A)

219 1719 401 1763 succedit,
433 1730 582 1764 quarum
604 1719 661 1755 vis
683 1726 737 1755 est
760 1722 854 1766 apud
875 1732 943 1756 nos
968 1732 1112 1766 quoque
1137 1725 1170 1765 1,
1195 1725 1252 1765 11,
1277 1722 1312 1757 5.

173 1774 354 1817 Rabula.
394 1799 427 1821 v.
449 1787 693 1822 Lati-ator.
1062 1802 1065 1805 ¹

174 1832 330 1875 Rad'ut.
362 1842 406 1887 1)
428 1847 580 1887 proprie.-
608 1845 749 1879 Taurus
772 1865 819 1872 -
844 1856 891 1880 an
913 1843 987 1889 (sit)
1010 1844 1117 1879 radix
1139 1844 1278 1880 arboris
1300 1846 1344 1887 8,
1370 1848 1414 1888 2,
1439 1847 1483 1880 13
1508 1846 1556 1880 Ν.
1582 1844 1707 1889 proxi-

219 1901 295 1923 mas
319 1889 404 1923 vitis
425 1889 565 1924 radices
587 1896 768 1934 amputant
792 1893 838 1926 10
853 1916 865 1934 ,
880 1895 926 1935 7,Γ
941 1892 999 1926 28.
1046 1891 1098 1934 n)
1123 1895 1261 1926 transh:
1287 1891 1362 1925 illic
1384 1890 1605 1934 radices,
1630 1890 1705 1924 illic

219 1935 546 1980 fundamenta
573 1941 655 1969 sunt
678 1939 744 1980 10,
765 1938 809 1980 3,
833 1939 867 1972 3.
899 1937 980 1971 altis
1010 1937 1089 1972 rad.
1113 1937 1224 1971 nixus
1250 1941 1295 1980 1,
1323 1941 1364 1979 1,
1389 1939 1446 1974 28.
1480 1948 1559 1971 non
1583 1937 1706 1971 subest

221 1991 310 2014 vera
330 1980 408 2024 vis,
439 1991 509 2014 nec
531 1982 673 2026 penitus
697 1982 864 2017 immissis
889 1982 1069 2017 radicibus
1090 1982 1254 2017 innititur
1276 1986 1368 2027 1,,3,
1392 1985 1427 2018 5.
1601 2011 1620 2017 7,

174 2025 311 2069 Rado·
355 2036 387 2070 si
411 2048 536 2080 aures,
557 2038 766 2082 praesertim
788 2045 861 2073 tam
878 2039 1070 2083 delicatas,
1096 2042 1238 2074 raderet
1261 2042 1297 2083 3,
1324 2044 1355 2081 1,
1380 2041 1599 2080 33‘Part1‘c.:
1622 2038 1705 2073 fau-

222 2093 284 2116 ces
312 2093 415 2116 rasae
446 2090 661 2127 exasperant
686 2095 818 2119 vocem
841 2088 904 2130 11,
927 2087 969 2129 3,
994 2088 1053 2120 20.
1075 2097 1175 2120 rasas
1198 2086 1301 2129 (cz-1.
1325 2084 1478 2128 raucas)
1509 2087 1635 2119 fauces
1657 2087 1702 2119 ὢ.

223 2129 266 2161 13
293 2129 340 2162 Ν.
363 2139 398 2162 v.
425 2129 618 2182 Fauces.
659 2131 803 2164 Rarus
824 2134 864 2176 β.

176 2182 350 2225 Βᾶῐὶὶῦδ·
394 2194 586 2230 inferiores
608 2207 726 2231 ramos
750 2201 792 2240 1,
814 2200 858 2240 2,
882 2199 939 2232 26.
962 2198 1176 2243 inspirantes
1196 2199 1307 2233 ramis
1328 2199 1494 2233 arborum
1517 2207 1624 2233 aurae
1648 2201 1706 2241 10,

222 2243 259 2283 3,
280 2240 341 2274 24.
361 2241 516 2275 fructum
537 2243 644 2276 ramis
666 2243 825 2288 pluribus
848 2244 943 2278 feret
961 2245 1007 2288 8,
1030 2247 1067 2288 3,
1095 2247 1153 2280 10.

174 2295 379 2351 Rapidus.
412 2307 537 2352 rapido
559 2309 696 2343 flumini
718 2311 754 2353 6,
778 2313 814 2354 2,
835 2311 869 2346 6.

176 2360 326 2417 Rapio·
374 2373 414 2426 1)
439 2378 583 2418 proprie.
614 2377 659 2420 a)
676 2377 854 2424 virginem
878 2377 997 2422 rapuit
1020 2378 1069 2422 4,
1089 2382 1132 2422 2,
1156 2378 1215 2414 68.
1245 2377 1366 2421 Paris,
1391 2378 1452 2422 qni
1474 2377 1592 2424 rapuit
1612 2379 1648 2422 8,
1673 2378 1708 2419 4,

223 2424 287 2460 213
315 2425 356 2453 ut
376 2421 466 2454 nihil
489 2421 685 2457 luci-ativae
712 2423 945 2467 operae,rapi
968 2423 1087 2468 aliquo
1113 2429 1295 2458 momento
1318 2423 1488 2468 temporis
1510 2424 1624 2468 possit
1651 2427 1708 2466 10,

224 2466 266 2506 7,
291 2466 350 2498 27.
395 2466 444 2516 βξ)
470 2469 619 2516 Partis-3.-
643 2468 893 2503 *acerbissimis
915 2475 1017 2512 rapta
1038 2469 1123 2503 fatis
1145 2470 1187 2511 6,
1207 2470 1271 2505 Pr.
1294 2467 1341 2511 4;
1373 2470 1522 2504 duarum
1543 2476 1655 2515 rapt
1669 2483 1708 2504 a-

225 2519 322 2542 rum
349 2515 514 2553 optiones
541 2516 656 2556 7,·7,
679 2516 715 2547 3.
753 2513 800 2555 es.
822 2515 868 2556 9,
892 2517 938 2557 2,
959 2517 1016 2549 70.
1050 2528 1129 2559 opp.
1162 2520 1288 2559 raptor
1309 2518 1355 2557 7,
1378 2517 1422 2558 8,
1448 2515 1483 2550 4.
1504 2518 1550 2559 9,
1573 2519 1620 2560 2,
1642 2518 1708 2557 9ος

225 2560 363 2599 rapto
390 2556 518 2591 vivere
538 2559 573 2600 3,
597 2562 633 2602 7,
656 2558 715 2592 24.
760 2561 984 2605 11)jmns1..·
1009 2571 1066 2594 ex
1090 2561 1212 2597 verbis
1235 2560 1462 2596 occasionem
1486 2562 1712 2607 turpitudinis

226 2611 355 2645 rapere
378 2603 415 2643 8,
441 2604 478 2645 3,
500 2602 565 2645 473
589 2616 649 2647 an,
670 2604 808 2639 etiamsi
829 2606 927 2640 nulla
949 2606 1088 2641 ratione
1112 2607 1277 2640 ductus
1301 2613 1375 2649 est,
1397 2607 1532 2652 impetu
1556 2614 1712 2652 raptus

229 2647 276 2680 sit
297 2651 334 2689 7,
354 2649 390 2690 2,
413 2647 472 2682 44.
496 2650 556 2693 qui
580 2650 734 2694 judicem
755 2662 917 2696 rapere
940 2658 977 2685 et
999 2651 1039 2686 in
1060 2663 1166 2697 quem
1189 2653 1298 2688 vellet
1318 2652 1476 2687 habitum
1498 2654 1606 2688 animi
1627 2664 1713 2698 pos-

231 2699 286 2728 set
308 2695 574 2739 perducere
598 2697 642 2741 6,
669 2699 712 2742 2,
735 2698 769 2732 3.
794 2704 970 2745 cogetque
995 2699 1092 2743 ire,
1118 2710 1188 2744 qua
1210 2697 1336 2744 rapit
1359 2699 1544 2743 (iudicem)
1568 2702 1632 2744 12,
1657 2702 1713 2742 10,
