1728 3002
566 96 788 153 Aspernor
816 122 872 129 —
901 95 1128 139 Assevero.
1555 97 1609 136 85

77 207 310 261 Aspernor.
354 223 450 258 quas
473 222 540 247 cnr
558 216 747 254 tantopere
767 209 1028 255 aspernemur?
1058 211 1096 251 8.
1118 210 1155 254 3,
1178 211 1236 244 33.
1262 218 1380 253 nequo
1402 206 1524 253 Aiacis
1546 212 1606 242 aut

71 290 84 295 ,
123 259 309 296 Diomedis
333 259 474 293 laudem
503 257 748 301 aspernabitur
783 261 838 299 12,
867 261 924 301 11,
951 260 1012 292 27.

52 308 54 310 ’
75 307 254 365 Aspero.
299 316 515 361 asperandae
539 313 806 357 compositionis
832 314 943 361 gratia
969 314 1005 355 9,
1027 312 1063 354 4,
1089 314 1147 348 31.

73 371 262 430 Μρὶοἰο.
307 383 449 428 aspice,
481 385 579 428 quod
603 383 664 417 diu
690 394 765 418 non
789 381 971 417 credidisti
1005 383 1159 416 Senec·
1181 381 1217 421 9,
1234 381 1270 423 2,
1290 378 1350 414 43.
1382 379 1443 425 qui
1467 379 1601 414 serriun

118 431 251 466 medici
274 429 411 474 aspexit
433 427 468 470 4,
494 431 530 472 5,
555 431 586 464 5.
635 441 740 474 quam
765 428 879 473 potuit
901 425 1198 462 truculentissime
1225 437 1307 460 eum
1329 425 1469 469 aspexit
1503 425 1539 469 6,
1568 428 1606 472 1,

116 476 176 512 43.
218 477 412 511 advocatus
434 476 560 519 plura,
595 487 699 520 quam
723 475 1049 516 ostenduntur,
1073 471 1270 517 aspiciat
1297 474 1354 515 12,
1373 473 1485 514 8,10.
1517 483 1600 505 ver-

88 534 93 538 ·
117 534 197 568 sum
220 521 391 602 t'adedntes
414 527 528 556 totum
550 521 648 555 illum
678 523 887 564 decursum,
921 530 996 555 non
1020 531 1087 554 sex
1112 519 1175 555 vel
1197 518 1354 563 quinque
1375 524 1494 562 partes
1508 516 1601 561 aspi-

115 568 214 603 ciunt
240 570 277 611 9,
327 576 349 611 ,’
369 569 446 602 115.

71 612 301 670 ΑΒΡὶΠὶῐίθο
347 619 570 668 aspirationis
594 629 715 658 notam
737 623 805 665 (Z.
831 635 916 666 om.,
945 625 995 655 ita
1016 626 1054 655 'ut
1081 623 1241 655 audiatur
1263 618 1462 663 literam)
1503 622 1534 661 1,
1562 618 1598 662 4,

54 687 58 690 ·
115 671 143 708 9
161 673 197 706 S.-
222 681 289 716 pro
300 669 514 714 aspiratione
528 670 629 703 velut
646 670 729 715 (Sp.
745 669 845 710 vav.)
869 667 974 703 simili
990 667 1094 702 litera
1112 673 1251 702 utentes
1274 669 1318 700 ib.
1337 665 1382 700 14
1400 668 1436 700 S.
1465 665 1598 709 aspira-

55 752 61 762 ,
114 716 215 751 tione
241 716 316 751 fieri
342 716 595 749 barbarismum
622 718 660 756 1,
685 717 724 758 5,
748 715 781 750 6.
823 714 901 749 sine
924 713 1137 758 aspiratione
1166 716 1198 757 1,
1220 714 1256 756 6,
1279 716 1337 746 21.
1372 723 1439 756 per
1463 711 1598 754 aspira-

114 761 268 804 tionem,
302 761 381 797 sive
409 761 571 805 adjicitur
592 761 741 804 vitiose,
776 761 855 795 sive
879 760 1073 794 detrahitur
1096 762 1130 802 1,
1155 761 1188 803 5,
1208 760 1265 794 19.
1295 758 1384 792 fiunt
1406 763 1441 792 et
1461 758 1597 800 adjecta

114 813 152 844 et
177 809 332 843 detracta
357 807 571 851 aspiratione
593 807 723 854 frigida
745 808 788 850 6,
810 809 850 847 3,
874 806 932 842 55.
962 806 1117 840 detmxit
1139 805 1389 850 aspirationem
1422 803 1489 847 (ex
1516 816 1597 837 voce

108 853 377 899 Amphionem)
405 857 461 896 12,
487 855 544 896 10,
565 855 622 887 57.

69 899 240 956 ΑΕΡῙΙὌ·
284 910 412 944 Graeci
439 909 594 953 aspirare
619 910 736 943 solent
759 907 818 953 (s)
847 911 881 951 1,
906 906 943 953 4,
969 907 1014 942 14
1038 908 1087 941 Ν.
1111 920 1159 941 cr.
1205 906 1267 940 diu
1306 910 1506 948 servatum,
1549 916 1596 938 ne

113 955 390 992 consonantibus
412 956 607 999 aspirarent
630 957 679 998 (S
686 968 718 999 p.
741 954 875 997 -retnr)
906 956 1001 997 1,,5,
1025 955 1088 996 20,
1124 959 1164 987 ut
1189 957 1327 986 tantum
1351 951 1440 986 mihi
1463 951 1598 997 ingenii

114 1002 247 1047 aspiret
269 1001 425 1044 (numen)
452 1000 489 1044 4,
512 1001 574 1035 Pr.
602 1002 637 1035 5·
1100 1004 1106 1011 ‘

36 1063 40 1070 ¹
70 1045 328 1109 Ᾱδῦβθῒᾶῑθῒ-
374 1068 516 1099 casnar,
555 1062 768 1100 assectator,
809 1067 831 1090 e
854 1054 971 1089 Gallia
991 1055 1138 1089 ductum
1163 1060 1218 1089 est
1252 1052 1311 1099 (α.
1337 1057 1361 1088 2.
1390 1053 1596 1097 affectator)

112 1107 149 1148 1,
172 1107 206 1146 5,
230 1105 255 1140 8
277 1105 325 1138 Ν.

0 1188 10 1196 .
65 1147 286 1191 Δδδθῦδίῦο
325 1160 487 1194 simulata
510 1159 714 1193 assensione
739 1157 891 1202 (interim
915 1156 1167 1201 redarguimus)
1196 1157 1234 1200 6,
1256 1158 1292 1200 3,
1317 1157 1376 1192 73.

61 1214 290 1267 AssenSuS·
336 1226 467 1261 mereri
490 1238 670 1261 assensum
694 1226 921 1261 deliberantis
949 1228 983 1266 3,
1005 1227 1042 1269 8,
1067 1226 1122 1261 59.

62 1283 303 1326 ΔΒΒΘΙΙῘΙΟΓ·
348 1295 426 1330 sive
448 1301 503 1328 est
525 1306 659 1328 assen
673 1295 789 1336 tior,·
830 1294 981 1328 Sisenna
1002 1293 1093 1327 dixit
1117 1293 1342 1335 assentio,
1365 1292 1538 1336 multique
1560 1298 1596 1326 et

109 1342 207 1376 hunc
230 1346 266 1375 et
288 1340 485 1387 analogiam
507 1341 636 1374 secuti:
676 1340 754 1375 sive
781 1341 867 1374 illud
891 1351 1019 1375 verum
1044 1346 1098 1373 est
1123 1344 1161 1379 1,
1186 1342 1224 1380 5,
1253 1342 1305 1373 13.
1352 1338 1396 1379 cs.
1421 1340 1466 1381 9,
1494 1341 1535 1380 3,
1560 1342 1593 1372 7.

106 1389 168 1422 'mii
194 1397 267 1421 non
296 1386 470 1420 assentior
491 1387 526 1426 9,
546 1389 581 1430 3,
604 1385 662 1421 49.
701 1392 741 1419 ut
769 1387 917 1420 fateor
940 1407 988 1412 —
1011 1386 1061 1419 ita
1088 1397 1162 1419 non
1190 1385 1430 1420 assentior
1465 1387 1507 1417 ih.
1535 1385 1592 1418 90.

109 1433 237 1477 judex,
274 1433 335 1477 qui
365 1432 431 1466 sibi
463 1431 639 1466 dicentem
666 1432 829 1466 assentiri
856 1431 916 1475 (a.
941 1436 965 1465 1.
989 1432 1123 1464 —taril
1151 1437 1249 1474 putat
1272 1434 1311 1472 3,
1335 1434 1371 1474 7,
1395 1432 1441 1464 25
1468 1431 1516 1464 N.
1546 1443 1592 1462 cr.

108 1478 167 1514 σιιί
191 1490 237 1514 ne
258 1478 328 1522 ipsi
350 1478 494 1522 quidem
516 1478 570 1511 rei
594 1478 769 1511 assentior
794 1482 830 1518 1,
854 1481 896 1522 2,
923 1479 978 1513 16.
1023 1477 1067 1519 cs.
1094 1481 1133 1520 9,
1155 1480 1193 1520 2,
1218 1479 1275 1512 52.
1321 1477 1456 1510 nullam
1484 1482 1594 1510 artem

96 1525 208 1568 ⁸*falsis
235 1523 399 1559 assentiri
421 1523 649 1568 opinionibus
678 1528 713 1567 2,
739 1528 796 1568 17,
821 1525 878 1559 18.
1205 1525 1210 1530 “

64 1579 284 1624 Assentor.
330 1591 461 1627 caesim
482 1603 608 1626 manus
630 1592 747 1626 lenior
771 1591 1000 1635 promittit
1030 1597 1066 1625 et
1095 1595 1353 1624 assentatur
1377 1592 1432 1632 11,
1456 1592 1490 1634 3,
1518 1574 1594 1623 102.

23 1663 25 1665 “
61 1647 293 1703 Assequor·
338 1671 385 1694 ne
408 1660 641 1707 elegantiam,
674 1671 779 1704 quam
802 1659 952 1703 cupit,
983 1669 1055 1692 non
1080 1663 1347 1702 assequatur
1379 1659 1434 1701 (a.
1463 1664 1485 1692 Ι.
1515 1669 1590 1700 seq.

110 1718 146 1740 ο.
162 1706 319 1750 pei-seq.)
344 1708 401 1747 10,
417 1708 452 1748 2,
469 1707 524 1741 19.
557 1707 639 1739 dum
663 1705 884 1749 assequimur
907 1702 1006 1738 illam'
1022 1705 1159 1737 firmam
1181 1703 1389 1738 facilitatem
1414 1706 1470 1745 10,
1490 1706 1520 1740 1,
1535 1706 1590 1737 59.

107 1761 163 1785 ex
189 1751 370 1784 communi
389 1751 574 1789 intellectu
593 1757 728 1785 tantum
751 1751 891 1794 assequi
914 1751 1027 1784 laudis
1051 1756 1086 1784 et
1108 1750 1244 1796 gloriae
1267 1753 1303 1792 2,
1319 1751 1375 1793 16,
1391 1752 1443 1784 19.
1474 1749 1593 1793 (risus)

107 1796 332 1839 urbanitatis,
357 1817 405 1822 —
423 1796 593 1830 stultitiae
620 1808 753 1831 nomen
779 1795 977 1840 assequitur
1009 1798 1045 1838 8,
1068 1797 1104 1839 6,
1125 1795 1183 1830 74.
1228 1796 1267 1829 in
1293 1795 1363 1837 iis,
1395 1807 1472 1839 per
1502 1805 1592 1838 quae

109 1852 243 1875 nomen
268 1847 322 1875 est
348 1849 529 1876 assecutus
549 1845 604 1883 10,
620 1846 652 1886 1,
668 1840 725 1877 87.
764 1843 840 1877 vim
864 1842 1004 1875 dicendi
1027 1847 1132 1886 atque
1154 1841 1376 1876 inventionis
1399 1852 1473 1874 non
1498 1852 1594 1873 asse-

111 1892 266 1930 quuntur
290 1889 351 1922 10.
375 1890 416 1929 2,
443 1890 509 1929 16;
555 1899 629 1921 non
659 1895 842 1922 assecutus
868 1894 962 1922 esset
986 1889 1150 1921 docendo
1178 1887 1331 1930 judicem
1355 1893 1493 1920 tantum
1515 1894 1591 1927 eut„

110 1937 156 1965 ut
177 1932 328 1974 populus
340 1933 440 1966 Rom.
461 1933 726 1967 admirationem
739 1945 839 1967 suam
857 1952 901 1958 —
918 1934 1148 1967 confiteretur
1164 1935 1199 1973 8,
1217 1936 1251 1976 3,
1269 1935 1303 1967 3.
1338 1939 1519 1966 assecutus
1543 1936 1591 1973 (a.

10 1998 31 2011 x
113 1979 144 2009 1:
160 1975 320 2017 secutus)
343 1976 461 2020 itaque
484 1984 555 2020 est,
583 1985 628 2011 ut
654 1987 715 2012 etc.
742 1982 799 2022 11,
818 1982 851 2021 1,
864 1981 924 2014 85.
959 1980 1050 2013 haec
1077 1985 1123 2013 ut
1146 1979 1311 2022 sciamus,
1336 1979 1476 2022 assequi
1492 1978 1590 2010 nullo

113 2021 222 2054 modo
246 2031 434 2064 possumus
459 2025 517 2064 10,
539 2026 573 2065 1,
600 2026 657 2056 10.
813 2023 817 2025 “

66 2066 245 2110 Αδδθῐθι
291 2082 457 2120 tanquam
490 2081 591 2110 suum
627 2077 738 2111 filium
776 2079 902 2113 asserit
935 2079 976 2122 4,
1006 2083 1047 2122 2,
1076 2079 1134 2115 95.
1176 2078 1435 2122 sapientis-sibi
1459 2088 1590 2111 nomen

111 2122 261 2156 asseruit
285 2125 345 2157 12.
373 2125 410 2163 1,
435 2124 480 2155 20
525 2122 592 2155 sibi
615 2129 725 2156 artem
747 2123 937 2169 figurarum
961 2136 1120 2158 asserere
1142 2125 1186 2167 91,
1215 2127 1261 2166 3,
1283 2124 1341 2158 64.
1377 2135 1468 2167 quae
1492 2126 1591 2157 velut

109 2167 254 2213 propria
286 2167 531 2212 philosophiae
569 2174 772 2222 asseruntur
809 2170 869 2202 Pr.
910 2170 965 2203 16.
1003 2169 1041 2203 in
1075 2170 1264 2203 asserenda
1301 2169 1464 2203 libertate
1500 2170 1589 2214 reip.

107 2215 144 2257 6,
167 2215 202 2255 5,
229 2215 263 2248 s.

55 2257 277 2302 Assertio.
305 2288 365 2301 l—
388 2271 544 2304 secunda
567 2270 602 2312 5,
627 2272 662 2312 2,
687 2271 720 2302 1.
751 2270 808 2312 11,
834 2272 868 2313 1,
892 2271 949 2304 78.
983 2269 1045 2314 qui
1070 2275 1122 2303 est
1147 2269 1184 2302 in
1213 2269 1410 2304 assertione
1433 2272 1466 2312 3,
1481 2271 1517 2313 6,
1533 2273 1588 2305 57.

0 2332 32 2382 ζίῗ
46 2326 280 2418 ·Δῗδθέῒ<ἒὲῐ
305 2339 435 2417 gerba
458 2349 479 2372 a
503 2342 679 2373 vetustate
705 2336 856 2381 repetita
869 2347 943 2370 non
960 2338 1074 2371 solum
1090 2349 1238 2384 magnos
1250 2344 1444 2372 assertores
1458 2340 1590 2372 habent

135 2407 146 2423 ἱ
196 2408 208 2426 2
345 2411 351 2416 ·

67 2426 280 2492 ASSM'VO·>
315 2440 499 2474 Varenum
521 2439 683 2474 vinctum
707 2444 926 2472 asservatum
955 2438 1009 2482 (a.
1036 2444 1060 2474 1.
1083 2441 1249 2484 adserv.)
1279 2444 1348 2476 Cic.
1375 2441 1411 2483 5,
1439 2443 1494 2482 13,
1518 2443 1575 2474 28.

15 2515 18 2518 ·
66 2493 354 2538 Asseveratio.
410 2518 493 2541 cum
529 2507 704 2550 quorund.
729 2505 892 2550 probatio
921 2507 998 2541 sola
1031 2507 1077 2542 sit
1111 2508 1149 2542 in
1181 2508 1519 2543 asseveratione
1553 2513 1588 2541 ot

110 2552 451 2596 perseverantia
477 2551 514 2595 4,
539 2556 574 2594 2,
597 2552 656 2588 94.

67 2606 293 2651 ASSGVOI‘O·
326 2619 476 2654 imitatio
499 2631 564 2663 per
579 2620 790 2654 relationem
814 2619 1035 2664 frequentius
1058 2628 1288 2656 asseverat
1317 2633 1421 2665 quam
1445 2621 1586 2655 eludit

114 2666 150 2706 9,
169 2668 204 2709 2,
231 2667 288 2702 59.
323 2677 529 2702 asseverare
556 2668 622 2709 fig.
648 2679 704 2710 ap.
732 2668 838 2700 Cels.
863 2667 899 2708 9,
924 2669 958 2709 2,
983 2666 1062 2701 104.
