1728 3002
558 143 731 201 objicio
760 172 817 181 -
847 117 1027 204 oblivio·
1487 148 1569 188 585

37 261 233 320 Obffieio·
247 280 257 283 ’·
265 271 302 317 1)
325 273 483 318 proprie,-
518 269 565 316 α)
584 271 698 305 nullas
720 282 838 306 mores
866 270 1059 314 objiciente
1081 271 1188 305 alveo
1220 269 1256 314 9,
1287 269 1324 314 4,
1347 273 1382 306 7.
1419 275 1460 306 ut
1485 282 1571 306 cur-

78 321 239 357 rentibus
263 331 329 369 per
349 330 390 354 se
412 318 591 360 numeris,
622 317 717 362 quod
745 327 808 352 eos
839 317 1037 361 inhiberet,
1078 313 1253 359 obiiceret
1288 319 1332 351 ib.
1371 319 1429 352 31.
1474 318 1520 362 β)
1545 321 1570 353 ι’.

80 381 113 413 q.
139 379 334 411 expono:
358 364 476 399 minus
498 364 660 408 objectus
681 363 700 405 (
713 376 746 399 a.
772 368 796 398 l.
821 364 981 406 abiectus
1003 362 1130 406 locus)
1152 363 1449 398 calumniantibus
1474 365 1572 399 foret

79 414 116 459 6,
138 415 174 456 3,
197 412 220 448 5
243 413 292 446 Ν.
321 418 353 445 ei
375 411 423 445 N.
452 423 499 444 cr.
546 409 737 462 objecerim
759 409 919 463 invidiae
944 412 1029 445 cic.
1051 411 1087 463 9,
1110 411 1145 451 3,
1168 408 1227 462 455
1262 411 1473 463 v.·Dedo.
1522 411 1572 464 11)

80 471 299 550 ζυῗὲοὲἶηξῖ
301 470 326 548 ‚⁰
335 459 462 548 Ἦ...
471 455 520 544 ⁶6³,
537 456 679 545 {⁸33²
679 457 1223 547 iffssssffxssffigffi‘izzffl
1226 467 1572 547 ⁰1:¹3„¹¹¹,‚:1¹223⁸2‚23¹:2¹3

82 550 178 593 cias,⁴
204 551 267 586 sed
292 548 488 583 diffidentia
509 548 545 590 9,
570 550 608 590 2,
634 550 693 582 72.
738 547 777 593 β)
807 562 835 582 c.
866 548 944 594 obj.
959 563 970 582 .-
994 549 1090 594 quod
1113 547 1262 593 objicias
1289 547 1324 591 4,
1346 551 1381 591 3,
1403 550 1438 584 6.
1464 549 1508 591 d.
1533 550 1571 591 6,

83 600 118 640 1,
144 598 200 632 15.
250 596 347 641 quod
374 593 541 638 objicitur
562 595 596 636 3,
620 595 655 637 6,
677 595 735 629 83.
758 593 794 638 4,
819 594 854 637 4,
878 597 913 630 3.
940 595 975 637 5,
1002 597 1059 638 10,
1084 594 1142 630 35.
1163 593 1293 640 Utique
1318 596 1413 629 enim
1437 596 1572 630 factum

82 654 161 677 esse
185 641 376 682 convenit,
405 641 499 685 quod
526 641 597 674 duo
623 639 775 675 invicem
812 641 988 685 objiciunt
1021 644 1055 683 7,
1091 643 1126 683 2,
1162 641 1217 676 18.
1266 642 1484 675 accusatoris
1516 647 1572 676 est

80 690 248 733 efficere,
277 693 317 722 ut
339 686 479 731 siquid
503 685 698 730 objecerit,
731 687 838 721 etiam
870 687 1010 722 crimini
1045 698 1150 731 quam
1182 687 1342 722 maxime
1376 687 1573 723 conveniat

81 737 117 778 7,
140 737 175 777 2,
197 735 254 769 28.
308 739 411 768 erant
439 733 630 774 tuenda,
674 743 754 773 cum
786 733 1112 777 objicerentur
1139 735 1196 776 11,
1231 736 1265 776 1,
1298 736 1355 768 23.
1404 733 1434 768 si
1466 735 1572 779 plura

79 782 142 816 vel
165 779 439 824 objicienda
467 779 529 813 vel
553 778 774 812 diluenda
796 785 878 813 sunt
902 779 938 822 4,
963 780 997 823 5,
1024 781 1059 815 8.
1102 791 1135 813 ο.
1167 778 1318 814 Diluo.
1364 780 1454 814 falsa
1478 780 1572 823 obji-

79 826 199 861 ciendi
220 829 256 869 7,
281 829 316 866 2.
344 827 400 860 30.
447 835 494 858 ne
517 836 605 859 vera
637 823 780 868 quidem
808 826 1032 868 objecturum
1075 828 1131 868 12,
1164 826 1200 868 9,
1238 827 1274 860 8.
1322 826 1472 870 capitale
1503 832 1573 869 est,

79 872 238 916 objicere
262 876 422 906 anteacta
446 871 484 913 9,
507 873 542 912 2,
571 871 629 905 67.
675 870 802 905 melius
826 871 1143 915 objicientem
1175 869 1324 905 crimina
1356 883 1463 916 quam
1500 873 1573 918 die-

78 918 364 952 fendentem
385 917 421 958 6,
444 918 479 959 3,
503 917 562 952 69.
610 917 743 950 furtum
764 935 808 942 —
832 917 1046 952 adulterium
1078 915 1211 960 objicio
1245 916 1282 960 4,
1305 917 1343 960 4,
1375 919 1410 953 8.
1443 918 1574 962 objici-

81 965 176 998 endo
201 963 338 1009 aliquos
362 968 478 996 metus
507 963 541 1005 3,
573 963 609 1005 8,
642 963 699 998 39.
747 962 778 996 si
809 962 1138 1009 quandogobjici
1171 969 1291 1007 potest
1323 962 1572 1007 (obscenitas),

80 1020 156 1044 non
177 1009 216 1043 in
238 1010 322 1054 joco
346 1008 682 1053 exprobranda
704 1014 759 1042 est
781 1009 818 1051 6,
840 1011 876 1051 3,
905 1012 964 1044 29.
989 1008 1166 1053 Objicitur
1186 1009 1277 1053 (Sp.
1309 1009 1438 1053 adjic.)
1470 1021 1572 1045 com-

79 1055 235 1100 munitet
260 1067 282 1090 a
304 1056 462 1096 duabus,
493 1054 624 1088 Redire
647 1053 712 1088 tibi
735 1054 774 1088 in
796 1055 968 1088 familiam
993 1066 1066 1089 non
1095 1055 1180 1089 licet
1210 1057 1244 1098 3,
1276 1055 1312 1098 6,
1348 1058 1415 1090 102
1446 1060 1490 1090 Ζ.
1533 1055 1575 1100 y)

80 1102 153 1145 adi.
178 1101 285 1136 Dm..·
306 1112 354 1136 ne
376 1100 608 1148 signatorum,
630 1111 677 1134 ne
702 1100 813 1145 ipsius
837 1100 936 1144 (Sp.
961 1101 1005 1135 ab
1028 1101 1040 1136 i
1066 1101 1142 1144 sis)
1168 1100 1362 1135 discrimen
1385 1102 1575 1147 objiciatur

79 1148 148 1182 sibi
170 1148 207 1191 6,
234 1150 269 1191 1,
294 1149 343 1182 20
363 1151 408 1185 Ζ.
452 1145 585 1193 legatio
607 1147 701 1180 male
724 1152 826 1193 gesta
848 1144 1016 1191 objicitur
1037 1113 1212 1181 Roschini
1231 1145 1268 1190 4,
1301 1146 1337 1188 4,
1364 1146 1400 1183 5.
1447 1160 1574 1193 quam-

78 1194 168 1228 libet
189 1193 314 1242 gravis
334 1192 411 1226 filio
432 1198 535 1237 pater
556 1193 762 1236 objecturus
786 1195 842 1234 11,
878 1195 912 1236 1,
947 1193 1005 1228 58.
1052 1192 1111 1227 cui
1143 1203 1232 1228 vera
1262 1193 1480 1238 objicientur
1513 1197 1571 1239 12,

82 1243 117 1283 1,
138 1238 198 1274 42.
222 1238 490 1283 cum-morbum
511 1237 550 1272 in
576 1237 685 1285 signis
709 1244 778 1282 atq.
801 1238 930 1272 tabulis
956 1237 1104 1282 objiciat
1125 1238 1235 1273 Verri
1269 1240 1306 1282 9,
1328 1243 1365 1283 2,
1391 1240 1457 1283 62;
1491 1252 1572 1275 cum

82 1285 250 1330 objicitur
272 1294 338 1319 reo
359 1283 551 1326 lenocinii,
585 1285 706 1328 quod
728 1283 928 1329 speciosam
964 1284 1131 1319 adulterii
1162 1286 1365 1320 damnatam
1396 1288 1572 1330 quandam

80 1331 207 1374 emerit
231 1331 267 1375 5,
290 1332 349 1374 10,
370 1329 429 1365 47.
456 1329 499 1371 cs.
526 1330 560 1372 5,
595 1332 650 1373 13,
676 1333 732 1369 17.
756 1331 792 1373 6,
815 1332 872 1364 Pr.
899 1329 935 1364 4.
982 1342 1064 1364 cum
1094 1331 1272 1375 objiceret
1301 1332 1433 1366 Miloni
1465 1345 1574 1367 accu-

80 1382 179 1412 sator
199 1377 248 1411 in
272 1382 518 1424 argumentum
541 1376 715 1410 factarum
742 1376 871 1411 Clodio
894 1377 1124 1420 insidiarum,
1164 1379 1282 1422 quod
1304 1378 1468 1413 Bovillas
1491 1385 1573 1414 ante

78 1425 205 1458 horam
227 1433 361 1458 nonam
387 1421 599 1456 devertisset
622 1423 658 1465 6,
685 1425 720 1465 3,
740 1422 798 1459 49.
848 1419 886 1466 ὃ)
918 1426 1088 1457 Partic.
1105 1438 1115 1457 .-
1160 1424 1301 1467 objecta
1331 1424 1434 1458 diluit
1467 1425 1504 1469 4,
1537 1429 1573 1469 2,

0 1474 4 1499 ’.
75 1470 136 1504 26.
157 1470 194 1512 9,
216 1471 252 1512 2,
276 1470 336 1505 93.
362 1474 412 1520 ut·
425 1469 565 1511 objecta
579 1470 653 1505 ⁴vel
680 1475 806 1550 neget,
839 1470 903 1503 vel
926 1470 1117 1512 defendat,
1148 1471 1211 1506 vel
1233 1470 1368 1505 minuat
1391 1475 1426 1515 7,
1450 1474 1485 1516 2,
1512 1474 1573 1508 29.

6 1535 8 1537 -
79 1515 138 1550 cui
160 1515 338 1556 obiectum
362 1525 499 1548 crimen
523 1514 710 1548 remiserat
754 1540 766 1558 ,
790 1515 824 1554 5,
850 1515 908 1549 16.
1231 1548 1235 1552 ,

0 1608 5 1614 ,
34 1557 308 1616 objurgatio.
349 1571 426 1616 (fig.
451 1584 509 1616 ap.
541 1572 657 1614 Cic.)
681 1572 716 1614 9,
743 1574 778 1614 1,
801 1573 860 1607 32.
884 1572 921 1616 9,
943 1574 980 1615 2,
1004 1574 1039 1607 3.
1067 1573 1170 1617 quasi
1194 1574 1267 1618 obj.
1295 1574 1350 1608 sui
1375 1580 1431 1610 est
1454 1578 1513 1619 11,
1536 1577 1572 1618 3,

0 1641 2 1645 -
78 1617 137 1654 49.
180 1619 277 1652 bunc
301 1616 478 1652 mordebit
504 1617 615 1661 obj.,
645 1618 742 1651 hunc
764 1619 925 1652 honor
948 1618 1120 1653 excitabit
1144 1622 1178 1662 1,
1212 1622 1248 1663 3,
1278 1620 1312 1655 7.
1344 1620 1376 1655 si
1409 1621 1467 1655 cui
1500 1628 1572 1656 tam

78 1669 134 1698 est
154 1675 255 1698 mens
277 1663 483 1706 illiberalis,
510 1668 551 1696 ut
574 1662 822 1710 objurgatione
845 1675 921 1698 non
946 1664 1144 1712 corrigatur
1166 1667 1209 1699 ib.
1237 1665 1293 1699 14.

34 1706 247 1764 Objurgo-
294 1719 333 1763 ο)
354 1720 408 1754 sic
445 1720 655 1766 objurgant,
694 1721 796 1764 quasi
831 1720 974 1755 oderint
1001 1723 1038 1764 2,
1071 1724 1107 1764 2,
1145 1725 1182 1756 7.
1229 1733 1311 1756 cum
1346 1724 1572 1771 objurga-

21 1774 25 1783 “
78 1777 191 1808 mus,
216 1765 535 1806 maledicimus
556 1768 593 1809 3,
611 1765 648 1808 4,
676 1767 711 1801 3.
737 1766 1103 1814 objurgantibus
1128 1766 1319 1803 similiores
1342 1781 1448 1814 quam
1473 1782 1575 1804 sua-

79 1810 308 1845 dentibus
330 1813 367 1854 3,
387 1812 424 1854 8,
447 1812 506 1846 69.
550 1811 582 1845 si
610 1813 751 1856 quando
774 1818 916 1847 nosmet
950 1812 1050 1856 ipsos
1085 1814 1298 1858 alloquimur
1343 1816 1573 1862 objurgantes

0 1864 7 1894 .’
80 1864 144 1892 etc.
169 1858 226 1897 11,
249 1857 287 1897 3,
312 1856 381 1889 124
402 1868 436 1889 v.
462 1855 686 1891 Miseror.
732 1858 1025 1905 objurgantibus,
1058 1860 1157 1903 quod
1180 1860 1436 1907 sexagenarius
1459 1862 1573 1908 virgi-

0 1895 17 1914 ⁸·
75 1914 160 1938 nem
186 1901 347 1936 duxisset
372 1901 408 1944 6,
431 1903 465 1944 3,
497 1902 569 1938 75..
589 1903 810 1948 objurgando
838 1914 1009 1948 personas
1032 1904 1180 1939 idoneas
1203 1907 1327 1939 damus
1349 1907 1385 1949 9,
1410 1910 1445 1949 2,
1470 1909 1517 1941 30
1539 1921 1572 1942 v.

4 1975 6 1977 .
78 1949 252 1983 Laudo.
298 1948 340 1990 β)
365 1960 394 1980 c.
431 1946 532 1991 01:12.-
565 1959 622 1981 me
652 1948 855 1995 objurgabis
886 1949 921 1992 5,
954 1952 1011 1992 10,
1042 1949 1099 1984 47.
1148 1951 1180 1984 si
1213 1952 1418 1998 objurgaret
1448 1954 1573 1997 populi

80 1993 448 2081 ῗὲιῖιῖἱῗξεξῃίῑξίοὸῑῖτέὀ
471 1994 890 2074 cglnlil‘icijubiiiurigggiestszln?
908 2001 1117 2075 gragtossg’·
1150 1998 1571 2086 {fiiaodqffiaigoffiiiosslirs

113 2063 124 2072 ·
934 2067 945 2082 ²
1006 2066 1017 2083 ⁵
1109 2067 1119 2083 v
1230 2066 1240 2082 ν

82 2085 191 2121 animi
217 2090 352 2118 motum
375 2089 583 2128 sequuntur,
609 2096 770 2129 quaeque
795 2085 872 2129 ipsa
898 2086 1054 2119 animum
1077 2088 1341 2130 quodammodo
1377 2091 1571 2134 concitant,

81 2142 235 2178 quorum
258 2136 313 2164 est
339 2144 384 2152 —
407 2129 625 2164 scindere
648 2132 764 2174 latus,
790 2130 934 2171 interim
964 2132 1219 2178 objurgare
1253 2134 1302 2178 (i.
1335 2147 1367 2180 «1.
1396 2134 1570 2181 ferire)

83 2179 140 2219 10,
167 2179 269 2220 3‚21
297 2176 344 2209 Ν.
372 2183 478 2209 cruet
505 2179 548 2209 Z.

0 2206 255 2281 ,Ioblecto‘
305 2231 428 2266 liberis
451 2232 697 2275 superstitibus
721 2234 927 2269 oblectabar
947 2234 1002 2277 (a.
1021 2239 1043 2269 1.
1075 2235 1280 2270 delectabar
1305 2241 1349 2272 al.
1374 2238 1567 2283 orbitubar‚

0 2275 23 2401 *E
80 2287 161 2324 opu.
187 2279 292 2315 Codd.
316 2277 405 2320 om.)
430 2278 465 2320 6,
488 2279 547 2314 Pr.
570 2279 594 2313 6
620 2280 670 2312 Ν.
701 2292 748 2313 cr.
773 2288 804 2313 et
829 2279 899 2324 Z.]

12 2384 14 2387 v
35 2321 213 2392 obligo·
253 2336 356 2371 velut
370 2333 563 2382 obligatum
585 2336 762 2380 promisso
785 2343 977 2382 patronum
998 2336 1035 2380 4,
1063 2337 1099 2380 5,
1123 2339 1169 2372 10
1192 2338 1240 2372 Ν.

0 2395 21 2435 ,ζ
35 2377 236 2435 Obhque·
283 2391 343 2444 qni
366 2392 431 2444 sub
454 2393 605 2427 humero
629 2394 759 2429 dextro
786 2395 831 2428 ad
854 2394 1035 2428 sinistrum
1051 2394 1132 2447 pbl,
1159 2394 1300 2429 ducitur
1317 2396 1416 2430 velut
1432 2397 1567 2433 balteus

0 2444 21 2485 ζἸ
82 2440 139 2493 11,
162 2438 197 2480 3,
223 2435 302 2472 140.
322 2443 464 2472 interim
490 2445 634 2482 quartus
657 2439 824 2484 (digitus)
848 2441 923 2478 obl.
946 2445 1133 2485 reponitur
1153 2443 1197 2475 ib.
1220 2442 1279 2476 99.
1468 2444 1471 2449 ‘

0 2480 237 2581 {ghlgqgo-
279 2495 324 2539 Q,
347 2493 416 2528 nisi
439 2496 536 2562 quod
557 2497 725 2560 paulatim
748 2497 950 2542 obliquatur
981 2508 1003 2531 a
1027 2496 1160 2531 nostris
1174 2500 1218 2564 ⁰1,
1241 2497 1277 2541 4,
1300 2499 1336 2535 9.
1497 2558 1505 2566 ·

0 2564 35 2636 ἱ
48 2602 63 2613 ν
79 2551 1144 2645 φὲφῗὲιῑὲ.ἰῖἔῖῖ.ῑὲἕιὲἱωοῖῧῗῐῐῖ.ῗέῗηῆ,ἓξὲξ)
1170 2564 1419 2646 'izffgssffffij
1443 2558 1566 2647 {3¹5³}

0 2628 41 2691 Β,
78 2641 149 2686 ΠΙ)
169 2646 203 2676 in
225 2655 392 2678 semeae.-
432 2655 491 2688 ap.
516 2644 705 2698 historicos
737 2646 964 2699 repermntur
996 2647 1068 2681 obl.
1101 2647 1335 2683 allocutiones
1366 2647 1420 2692 (i.
1445 2663 1473 2683 e.
1502 2654 1562 2684 in-

59 2688 372 2769 335320055‘533,
401 2693 436 2733 2,
459 2692 517 2725 37.
565 2701 596 2725 ⁸1
618 2692 833 2735 iacularetur
855 2705 892 2727 in
915 2702 1070 2728 uxorem
1094 2694 1176 2727 vobl.
1209 2694 1392 2730 sententiis
1427 2698 1471 2731 ib.
1503 2698 1559 2734 79.

28 2747 37 2758 -⁴
54 2749 73 2754 ·-
103 2747 114 2767 .·
364 2747 397 2771 a.
460 2766 463 2768 .
651 2762 654 2763 ν
