1728 3002
191 155 275 195 634
590 135 592 137 ’
642 151 899 208 Praeparato
931 176 983 184 ·—
1015 154 1278 210 Praepositio

235 266 341 301 dilata
363 265 450 308 ipsis
472 265 802 308 praeparationibus
824 266 931 301 fidem
960 268 1113 308 perdunt
1137 268 1173 312 5,
1201 270 1257 312 13,
1277 270 1334 308 51.

185 311 458 368 Praeparato.
498 323 587 357 nihii
619 333 671 365 pr,
696 323 827 358 fecisse
850 322 887 367 4,
913 326 949 366 2,
973 324 1028 360 53.

185 370 413 423 Praeparo·
436 379 476 422 a)
497 383 599 415 absol.
625 380 658 424 a)
682 391 791 423 saepe
813 386 1000 426 praeparat
1016 379 1383 427 insidiator10,1,21.
1406 381 1599 424 prooemiis
1612 391 1717 422 prae-

232 436 358 468 parare
385 428 419 468 9,
443 426 478 469 4,
503 427 536 462 4.
566 427 800 470 praeparandi
827 427 1002 461 rationem
1029 429 1082 466 10.
1107 431 1139 470 1,
1178 429 1250 463 106.
1301 427 1341 471 b)
1378 440 1408 462 c.
1434 431 1616 462 Aocnsat..-
1656 426 1728 470 qui·

230 478 418 514 praeparat
441 472 574 518 aliquid
597 479 680 508 ante
707 473 950 519 quaestionem
982 472 1023 516 4,
1053 475 1097 515 3,
1136 477 1190 509 17.
1230 473 1275 516 cs.
1310 476 1378 517 12,
1407 476 1450 516 3,
1487 474 1521 509 5.
1563 472 1719 517 judicem

231 527 443 560 praeparare
467 522 502 561 2,
530 522 585 563 10,
609 522 644 554 8.
666 519 701 560 4,
738 523 770 562 1,
806 521 869 562 5o;
909 531 1004 554 arma
1041 525 1123 552 sunt
1154 520 1242 553 haec
1276 520 1536 565 quodammodo
1570 527 1720 562 praepa-

228 566 340 598 rand-a
365 576 506 609 semper
529 569 563 608 2,
591 570 624 609 1,
643 569 707 600 12.
756 566 839 599 dum
859 576 937 600 vox
961 577 1002 599 ac
1026 566 1117 598 latus
1139 572 1369 608 praeparetur
1393 568 1448 608 10,
1473 568 1507 608 7,
1532 568 1566 599 2.
1595 564 1720 608 judicis

230 610 368 644 animus
391 611 494 646 varie
521 618 749 654 praeparatur
769 613 804 654 9,
831 611 866 654 4,
893 613 971 645 133.
1019 611 1049 644 si
1075 618 1281 653 praeparata
1304 613 1360 647 vis
1386 611 1527 646 dicendi
1549 609 1659 645 tuerit
1682 611 1728 657 8,1

229 657 288 690 Pr.
314 659 376 699 3ος
414 663 454 691 ut
477 658 654 702 aequitate
677 658 830 700 judicem
854 666 1102 699 praeparemus
1124 660 1156 691 7.
1185 661 1217 699 1,
1242 659 1299 693 63.
1336 657 1625 692 altercationibus
1646 663 1728 699 atq.

229 702 571 749 interrogationibus
595 711 776 738 oratorem
801 704 959 737 futurum
988 703 1162 737 Socratici
1185 704 1317 745 optime
1351 710 1559 746 praeparant
1594 705 1651 745 10,
1683 705 1718 744 1,

231 751 289 783 35.
315 756 524 791 praeparato
555 759 634 792 per
664 751 753 784 haec
784 750 903 793 judice
938 750 980 792 4,
1021 753 1054 791 2,
1101 753 1129 782 1.
1178 750 1216 792 ο)
1248 753 1399 784 Panic„-
1431 748 1633 783 credibilius
1664 753 1720 782 est

231 795 372 830 occisos
397 807 417 830 a
441 796 745 837 praeparatis
773 796 1083 837 inopinantes
1113 797 1146 837 5,
1183 799 1238 838 10,
1265 797 1330 838 493
1364 795 1469 829 inviti
1497 795 1670 829 recedunt
1697 794 1728 830 a}

233 841 449 882 praeparatis
474 845 530 884 12,
556 844 591 885 9,
617 846 672 877 17.
721 843 821 886 cujus
844 841 983 875 initium
1007 841 1094 874 nihii
1118 841 1315 883 praepara&
1337 839 1392 884 (S
1399 854 1433 885 p.
1457 841 1720 883 ptarpamtum)

229 887 397 922 habuisse
423 889 459 931 4,
485 891 518 930 1,
542 889 587 923 54
611 893 653 923 Ζ.
698 888 968 930 simplicem
1002 893 1038 921 et
1069 898 1140 921 non
1179 897 1243 929 pr.
1279 886 1476 922 orationem
1506 889 1549 930 9,
1589 890 1631 928 2,
1662 887 1728 931 59.-

231 934 394 968 subita
422 944 539 980 pugna
564 945 636 968 non
664 943 822 976 praep.
850 937 884 975 7,
910 937 940 976 1,
970 935 1027 967 35.
1053 934 1165 968 verba
1192 939 1288 967 tanto
1321 939 1402 967 ante,
1435 943 1486 974 pr.
1521 936 1554 973 2,
1587 929 1623 974 4,
1661 932 1717 965 ¹28.

227 981 267 1025 ῥ’)
307 981 353 1013 ml
386 982 523 1024 aliquid.
574 979 611 1022 a)
642 993 667 1013 c.
702 983 805 1014 Dat..·
851 981 922 1013 hoc
956 989 1045 1020 opus
1077 979 1467 1023 praeparabamus
1501 978 1599 1020 a'iis,
1639 977 1716 1010 aliis

231 1026 551 1071 relinquamus
574 1028 611 1068 6,
636 1027 690 1059 Pr.
724 1027 778 1060 16.
826 1026 883 1059 cui
918 1026 1067 1070 quisque
1103 1025 1286 1059 certamini
1318 1025 1363 1059 sit
1397 1025 1657 1067 praeparandus
1680 1026 1716 1066 2,

228 1074 264 1115 8,
290 1074 322 1106 3.
352 1074 514 1106 solebant
537 1078 789 1114 praeceptores
812 1071 894 1114 mei,
920 1083 1035 1115 neque
1057 1071 1173 1104 inutiti
1198 1079 1257 1105 etc.
1281 1081 1412 1117 genere
1432 1068 1728 1111 'exiet-citationis,

228 1127 443 1160 praeparare
467 1130 533 1152 nos
560 1118 856 1159 connecturaiibus
886 1118 1001 1152 causis
1028 1121 1049 1151 2
1086 1118 1118 1151 4.
1148 1118 1203 1152 26.
1252 1117 1282 1151 si
1310 1119 1392 1151 foro
1425 1115 1510 1150 non'
1533 1120 1720 1157 praeparat

227 1168 262 1206 2,
291 1168 347 1206 10,
371 1166 406 1199 8.
454 1165 751 1208 exercitationes,
787 1175 876 1208 quae
910 1167 991 1198 t'oro
1012 1170 1268 1205 praeparantur
1303 1166 1336 1207 5,
1362 1165 1418 1205 13,
1445 1162 1511 1197 44..
1544 1162 1605 1206 qui
1636 1163 1728 1195 t‘oro·

227 1217 482 1251 praeparantur
507 1214 562 1253 10,
591 1214 625 1246 7.
663 1212 718 1245 19.
767 1210 893 1254 quibus
925 1210 1077 1254 judicem
1107 1209 1306 1254 quaestioni
1340 1210 1459 1255 legum
1490 1211 1720 1250 praepararet

227 1260 263 1298 7,
291 1261 323 1298 1,
353 1260 386 1290 2.
434 1256 470 1296 b)
499 1270 528 1290 c.
555 1260 740 1300 Praepos..·
774 1255 1002 1303 quo‘genere
1026 1255 1294 1289 exercitationis
1318 1257 1368 1288 ad
1400 1255 1589 1292 certamina
1615 1263 1719 1295 prae-

229 1303 406 1343 parandus
429 1302 472 1335 sit
499 1302 676 1344 (armeta)
702 1305 756 1343 10,
783 1306 816 1344 1,
844 1303 880 1334 4.
929 1303 980 1335 ad
1014 1301 1276 1342 potentissimas
1307 1301 1532 1345 quaestiones
1564 1299 1719 1341 iudicem

229 1349 512 1388 praeparandum
536 1346 570 1389 4,
598 1351 630 1389 1,
659 1346 715 1381 24.
750 1347 793 1387 es.
821 1349 878 1381 79.
927 1356 1138 1387 praeparare
1172 1349 1225 1380 ub
1255 1347 1335 1380 imis
1373 1346 1470 1380 sonis
1503 1355 1634 1380 vocem
1665 1345 1718 1378 ad

229 1403 387 1427 summos
413 1396 469 1434 11,
494 1395 528 1434 3,
557 1395 612 1426 22.
639 1392 699 1425 ina
724 1392 963 1434 (argumenta)
992 1393 1042 1424 ad
1076 1393 1291 1425 credendum
1319 1397 1526 1432 praeparant
1552 1390 1718 1434 judicem,

228 1439 319 1473 haec
345 1440 397 1472 ad
424 1438 723 1480 pronuntiandum
747 1439 780 1478 (5,
805 1437 840 1479 4,
868 1441 924 1471 22.
972 1437 1233 1470 reficietur
1258 1438 1368 1482 judex
1392 1436 1550 1478 priorum
1574 1437 1656 1478 fine,
1681 1441 1719 1470 et

228 1496 274 1519 se
295 1486 397 1518 velut
430 1485 480 1518 ad
513 1494 648 1517 novum
679 1484 849 1524 impetum
882 1482 1103 1524 praeparabit
1136 1482 1169 1525 4,
1207 1487 1241 1525 2,
1279 1483 1344 1524 503
1383 1494 1474 1527 quae
1512 1493 1583 1516 non
1619 1479 1728 1523 putat-²,

230 1532 328 1565 adv.
355 1542 394 1564 se
419 1535 623 1573 praeparata
652 1533 706 1572 11,
731 1533 764 1571 2,
788 1530 857 1571 473
907 1528 1074 1574 cogitatio
1110 1529 1156 1561 in
1189 1527 1260 1562 hoc
1289 1533 1540 1571 praeparetur,
1581 1534 1619 1561 ut
1655 1535 1728 1577 etc-4

227 1580 284 1618 10,
309 1578 344 1620 6,
371 1577 406 1611 6.
452 1578 488 1619 c)
523 1589 590 1620 seq.
626 1576 877 1617 Consano-tione.-
914 1574 962 1608 ita
991 1585 1040 1608 se
1071 1574 1318 1617 praeparavit,
1353 1585 1408 1608 ne
1440 1574 1540 1615 cuius
1570 1574 1728 1614 alterius}

227 1632 297 1664 ope
321 1629 444 1670 egeret
464 1622 571 1655 ullius
598 1621 651 1655 rei
680 1624 734 1663 12,
762 1624 818 1662 11,
836 1623 891 1654 21.
915 1626 954 1655 ut
977 1620 1196 1662 auditorem,
1221 1631 1312 1665 quo
1338 1619 1384 1655 sit
1403 1620 1506 1654 nobis
1528 1619 1568 1653 in
1587 1619 1728 1678 ceteris*

228 1669 385 1711 partibus
414 1667 734 1710 accommodatior,
767 1676 1019 1708 praeparemus
1043 1665 1078 1708 4,
1108 1670 1140 1709 1,
1165 1668 1197 1700 5.
1619 1675 1622 1683 ²

180 1714 463 1769 Praepilatus.
521 1724 815 1766 declamationes,
850 1723 976 1768 quibus
1002 1724 1043 1756 ad
1072 1733 1224 1770 pugnam
1248 1723 1431 1757 forensem
1452 1722 1553 1756 velut
1575 1721 1728 1764 praefi-2

228 1773 306 1805 latis
331 1783 506 1806 exercere
535 1771 737 1804 solebamus
761 1771 795 1812 5,
822 1773 878 1813 12,
904 1773 946 1804 17
974 1770 1020 1803 N.
1717 1771 1728 1808 ἲ

180 1817 475 1872 l‘raepinguis.
521 1826 631 1871 (vox)
659 1830 714 1870 11,
744 1830 778 1870 3,
804 1829 848 1861 32
873 1839 906 1861 v.
932 1828 1048 1862 Vox.
1722 1833 1728 1866 J

176 1873 491 1929 Praepondero.
539 1884 569 1918 si
593 1890 721 1918 neutro
749 1885 819 1918 litis
845 1884 1009 1918 condicio
1036 1884 1296 1925 praeponderet
1309 1886 1344 1926 7,
1366 1885 1402 1925 2,
1431 1883 1488 1918 39.
1723 1880 1728 1903 ·’

176 1929 415 1986 PraeponO·
471 1940 505 1984 Ι)
533 1944 575 1974 de
598 1946 688 1975 Ioco:
722 1941 924 1985 praeposito
946 1941 1082 1984 verbo,
1117 1942 1160 1974 ad
1188 1941 1284 1985 quod
1308 1940 1445 1984 reliqua
1466 1939 1657 1981 respiciant
1678 1940 1703 1974 9

225 1991 264 2030 3,
301 1990 358 2022 62.
407 1989 671 2032 praeponebant
700 1988 759 2030 (α.
786 1992 808 2020 l.
833 1989 958 2031 prop.)
985 1987 1080 2020 enim
1110 1987 1214 2030 talia,
1250 1985 1396 2020 Credite
1430 1995 1499 2019 vos
1521 1985 1652 2026 innteri
1678 1985 1728 2030 9,4

224 2041 258 2076 2,
286 2033 329 2068 41
358 2034 402 2067 N.
452 2033 512 2078 qui
544 2033 660 2079 longis
692 2034 822 2067 breves
847 2033 1084 2076 subjiciet
1108 2045 1186 2075 opp.
1210 2032 1270 2076 qui
1297 2037 1561 2073 praeponet
1587 2033 1693 2077 longa

223 2081 374 2114 brevem
397 2081 434 2120 9,
470 2081 507 2122 4,
546 2077 624 2114 34.'
652 2091 698 2113 ne
728 2080 890 2123 dactylus
922 2079 1063 2123 quidem
1096 2079 1258 2120 spondeo
1295 2079 1387 2112 bene
1418 2077 1648 2121 praeponitur
1670 2079 1704 2115 ἱὸ,

226 2128 304 2160 102.
331 2125 376 2166 cs.
411 2127 467 2160 98.
503 2126 560 2159 99.
609 2137 679 2169 qua
703 2125 741 2158 in
773 2136 877 2158 causa
914 2126 1188 2169 praeponendae
1221 2124 1278 2166 (a.
1310 2128 1333 2158 1.
1364 2124 1490 2167 prop.)
1520 2122 1714 2167 prooemiis

225 2172 453 2216 quaestiones
477 2175 512 2213 7,
538 2173 594 2212 10,
621 2174 664 2205 12
692 2172 738 2204 N.
786 2171 897 2204 tribus
921 2170 1130 2214 praepositis
1154 2169 1421 2213 quaestionibus
1452 2169 1489 2210 4,
1514 2172 1547 2207 2.
1575 2169 1632 2204 25.
1681 2179 1699 2202 s

224 2230 350 2252 causas
379 2229 420 2252 ac
445 2217 601 2251 rationes
624 2217 729 2250 sactis
755 2217 1063 2261 praeposuerimus
1088 2214 1123 2257 4,
1151 2220 1184 2256 2,
1215 2217 1272 2249 52.
1321 2214 1525 2258 praeposuit
1546 2214 1655 2258 pulch

223 2263 314 2297 rimo
343 2264 471 2308 cuique
501 2263 598 2306 operi
625 2263 867 2297 difficultatem
890 2265 946 2304 10,
970 2263 1007 2306 3,
1034 2260 1070 2295 4.
1117 2259 1164 2302 11)
1191 2262 1233 2294 ‹le
1262 2262 1445 2302 dignitate.-
1482 2259 1608 2295 studiis
1635 2271 1668 2296 m

223 2309 394 2354 ribusque
420 2310 643 2353 praepositus
666 2312 760 2354 2,,2,
788 2308 842 2342 14.
889 2315 1110 2344 communem
1136 2317 1212 2341 rem
1245 2305 1320 2354 agi,
1363 2317 1405 2340 ac
1438 2315 1507 2342 vos
1542 2305 1627 2342 huic

222 2355 447 2400 praepositos
472 2365 551 2389 esse
578 2357 684 2389 Cato
709 2356 744 2397 9,
770 2357 804 2396 2,
833 2357 889 2388 21.
1689 2376 1703 2394 ,

175 2412 454 2467 Praeposifio·
497 2422 528 2463 1)
552 2422 783 2465 mutationes,
823 2432 909 2467 quas
933 2420 1085 2454 afferunt
1109 2418 1375 2453 declinatio
1400 2425 1459 2453 aut
1490 2430 1711 2464 praepos.

225 2473 258 2511 1,
285 2469 320 2510 4,
348 2471 402 2502 13.
433 2467 482 2510 11)
513 2481 592 2510 pars
619 2471 793 2501 orationis.-
828 2466 1107 2512 praepositiones
1133 2465 1175 2507 (a
1205 2467 1402 2509 philosophis
1435 2466 1691 2501 convinctionibu

225 2515 396 2557 adjectae)
416 2513 492 2555 1,4,
509 2515 559 2546 19.
586 2514 622 2547 in
645 2513 850 2547 diversitate
869 2512 1168 2558 praepositionum
1189 2514 1219 2553 1,
1233 2513 1265 2553 5,
1279 2513 1333 2546 51.
1361 2511 1576 2553 compositae
1587 2511 1696 2554 (voces

223 2566 282 2592 aut
306 2559 627 2603 praepositionibus
646 2560 916 2605 subjunguntur,
933 2564 971 2590 ut
988 2558 997 2590 i
1012 2570 1031 2590 n
1046 2569 1068 2590 n
1082 2568 1104 2590 o
1117 2568 1137 2590 c
1147 2569 1168 2590 e
1179 2569 1200 2590 n
1215 2570 1231 2590 s
1247 2559 1422 2591 interdum
1436 2556 1681 2602 repugnantibi

222 2605 303 2646 (Sp.
322 2606 402 2638 dum
434 2617 479 2638 ne
497 2606 753 2651 pugnantibus)
772 2606 865 2639 inter
884 2615 923 2638 se
936 2604 1070 2637 duabus
1085 2629 1095 2646 ,
1127 2604 1231 2647 quale
1252 2609 1306 2636 est
1339 2603 1479 2644 imper
1492 2602 1607 2635 terri
1621 2607 1691 2636 tus

224 2650 354 2692 alioqui
375 2657 524 2692 possunt
539 2652 731 2695 aliquando
748 2650 947 2685 continuari
964 2650 1065 2688 duae.
1085 2655 1124 2682 ut
1140 2649 1185 2682 in
1197 2659 1290 2683 com
1301 2658 1353 2693 po
1365 2647 1482 2680 situs
1494 2648 1676 2696 ειο.’1,5,“6

222 2695 430 2737 frequenter
448 2699 730 2739 praepositiones
746 2708 888 2740 quoque
901 2696 1078 2740 copuiatio
1095 2694 1160 2729 ista
1181 2693 1392 2737 corrumpit:
1407 2692 1492 2727 inde
1507 2705 1526 2727 a
1537 2694 1558 2727 b
1569 2693 1677 2728 stuli
1704 2712 1705 2715 κ

223 2739 402 2787 aufugit,
414 2741 570 2786 amisit,
590 2754 670 2777 cum
686 2754 806 2788 praep.
826 2742 871 2776 sit
888 2742 939 2776 ab
957 2742 1033 2777 sola
1045 2743 1088 2776 ib.
1100 2742 1158 2777 69.
1176 2740 1214 2775 in
1227 2739 1416 2774 scribendo
1431 2738 1672 2784 praeposition

1676 2896 1686 2913 Ι
