1728 3002
133 202 242 238 LXX
753 200 1061 258 prolegomena

129 313 362 375 dicebat,
418 331 542 362 cum
585 319 691 386 quo
723 317 847 363 loco
890 314 1235 381 aliquatenus
1273 302 1527 386 congruit
1563 318 1671 368 Cic.

126 394 260 442 Phil.
290 411 329 456 1,
355 412 380 456 7
412 395 493 442 An
522 394 577 442 in
612 396 1036 445 commentariolis
1069 406 1123 446 et
1147 397 1499 464 chbrograplcis
1526 406 1580 451 ,et
1613 399 1673 446 li-

125 474 288 534 bellis,
324 491 389 522 se
421 491 546 522 ‘mm
574 484 845 523 auctore
881 478 941 535 (i.
964 492 1008 523 e.
1027 475 1575 544 Antonio)prolatt's‚
1604 506 1673 513 -—
1721 525 1728 528 ,

130 562 250 602 acta
271 554 502 602 Caesaris
514 556 683 615 firma
706 555 892 603 erunt?
928 554 1178 603 Ceterum
1199 556 1266 604 cf.
1302 560 1369 604 de
1395 556 1472 605 his
1503 555 1672 604 Abla-

129 633 250 682 tivis
291 633 550 682 absolutis
586 634 790 683 Sanctii
823 636 1132 684 Minervam
1170 638 1240 696 II,
1284 635 1414 702 Cap.
1452 637 1577 698 VII,
1618 648 1673 683 et

127 712 434 762 Ramshorn
455 712 544 762 Gr.
567 714 693 762 Lat.
731 715 760 778 55.
787 729 901 775 171,
928 716 1015 775 ΙΙΙ,
1039 717 1083 761 5.

585 1066 589 1068 ,
667 1087 670 1095 ¹
755 1022 1050 1072 CAR-1114

478 1112 712 1168 PARS
755 1113 1317 1171 RHETORICA.

325 1258 364 1306 Ι.
434 1258 539 1307 DE
581 1260 722 1308 SEN
725 1260 864 1308 TEN
868 1261 946 1308 TI
942 1260 981 1308 I
979 1261 1017 1308 S
1055 1260 1241 1308 RELA
1253 1259 1330 1307 TI
1335 1259 1415 1309 VI
1412 1259 1463 1309 S.

234 1347 597 1404 „Observatur
637 1349 693 1397 in
723 1350 987 1400 Relativis
1023 1352 1346 1416 plerumque
1386 1353 1523 1397 haec
1563 1350 1670 1411 lex,

118 1443 183 1476 ut
213 1427 610 1493 perspicuitatis
641 1445 803 1477 causa
837 1447 1002 1495 quam
1035 1428 1279 1495 proxime
1315 1428 1670 1495 subjiciantur

119 1506 205 1568 iis,
243 1511 313 1554 ad
343 1524 487 1572 quae
519 1508 853 1570 referuntur,
884 1507 1226 1567 Nominibus,
1259 1524 1428 1573 quare
1462 1509 1667 1573 paulu-

117 1588 232 1633 lum
267 1586 515 1634 offendat
547 1585 668 1634 talis
710 1588 1069 1636 constructio:
1104 1585 1164 1647 6,
1199 1602 1256 1648 2,
1288 1585 1320 1632 3
1351 1603 1666 1635 verecun-

119 1666 156 1711 d
165 1665 190 1712 i
196 1683 315 1725 am,
352 1666 536 1713 vitium
564 1666 765 1730 quidem
793 1676 848 1716 et
872 1667 1110 1726 amabile,
1127 1705 1132 1708 .
1147 1666 1236 1713 sed
1260 1683 1422 1731 quae
1449 1658 1682 1715 mfftutes‘

106 1744 369 1809 facillime
385 1754 631 1808 generet;
654 1749 744 1794 sed
770 1746 930 1794 etiam
949 1744 1141 1812 magis}
1174 1748 1219 1805 6,
1246 1762 1286 1806 1,
1316 1757 1376 1806 ι4
1402 1746 1667 1794 Cone-itare

118 1841 311 1888 quoque
342 1826 405 1872 in
417 1826 592 1872 vidia
604 1843 675 1885 m,
722 1827 800 1873 od
808 1826 833 1872 ί
838 1844 874 1873 u
887 1844 960 1885 m,
1007 1826 1173 1872 iram
1203 1824 1412 1872 liberius
1458 1826 1512 1873 in
1546 1842 1665 1889 per-
1717 1852 1728 1863 ·

117 1904 350 1950 oratione
403 1905 660 1967 contingit
675 1941 688 1964 ,
759 1922 1022 1969 quornm
1081 1904 1107 1950 i
1113 1922 1146 1951 n
1157 1921 1186 1950 v
1198 1904 1267 1950 id
1275 1904 1301 1950 i
1305 1922 1337 1951 a
1347 1922 1397 1951 m
1455 1905 1662 1967 gratia,

119 1983 196 2029 od
205 1983 270 2030 iu
282 2001 332 2030 m
358 1984 655 2047 turpitudo,
693 1984 859 2030 iram
886 1982 1469 2051 offensiojudici-facit,
1505 2000 1664 2048 quae

116 2060 166 2121 (i.
193 2078 236 2109 e.
261 2061 362 2126 ira)
395 2080 497 2110 non
520 2080 585 2110 ea·
602 2065 760 2127 facto
782 2063 930 2110 modo
953 2063 1146 2111 dictove
1173 2063 1343 2128 aliquo
1377 2091 1446 2099 --
1475 2063 1670 2110 moveri

116 2142 266 2202 solet,
314 2159 458 2207 quae
487 2142 761 2190 relationis
795 2142 1086 2190 difficultas
1113 2142 1393 2203 effecerat,
1438 2156 1502 2189 ut
1534 2155 1663 2189 ante

115 2221 432 2285 Zumptium
473 2224 640 2289 vulgo
683 2221 740 2268 in
791 2220 1115 2269 editionibus
1158 2237 1338 2268 sensus
1359 2256 1371 2280 ,
1428 2223 1660 2287 legendo

116 2300 228 2363 φατ’
253 2316 354 2346 mm
384 2314 509 2360 etc.‚
543 2300 723 2366 potius
744 2303 1056 2349 turbaretur
1078 2316 1242 2364 quam
1274 2300 1665 2368 explanaretur

116 2379 187 2442 (V.
208 2378 389 2441 Spald.
411 2381 535 2426 Not.
562 2379 712 2441 crin).

217 2456 475 2520 Imprimis
497 2471 685 2521 aptum
709 2472 786 2505 est
805 2461 909 2503 hoc
932 2458 1237 2502 Pronomen
1257 2457 1326 2500 ad
1360 2455 1660 2503 orationem

115 2535 352 2585 breviter
393 2538 959 2600 comprehendendam
998 2532 1456 2593 Attractionibus,
1509 2536 1660 2598 apud

113 2616 347 2665 Latinos
378 2612 658 2678 scriptores
704 2631 767 2660 eo
810 2604 1290 2678 frequentioribus,
1337 2628 1449 2677 quo
1493 2611 1660 2679 magis
1698 2636 1707 2642 *

114 2679 434 2761 praevalere
452 2706 708 2761 coeperat
728 2692 966 2738 Graecus
987 2707 1127 2750 usus7
1152 2692 1338 2755 quales
1363 2704 1488 2737 sunt
1508 2693 1659 2755 apud

118 2772 541 2838 Quintilianum:
589 2770 646 2831 3,
683 2772 740 2830 8,
774 2766 840 2833 59
865 2778 1131 2835 propter
1168 2786 1323 2834 quas
1354 2768 1472 2816 dimi
1498 2785 1658 2835 supra
