1728 3002
124 301 127 307 λ
164 252 246 291 644
645 247 832 291 Perfidia
858 275 915 282 —
944 249 1212 295 Periculosus

217 366 315 401 aliud
339 368 396 409 12,
426 370 457 404 1,
482 365 517 400 9.
564 364 655 399 nihil
678 365 855 400 credimus
881 377 961 401 esse
985 367 1090 411 perf„
1118 365 1187 400 nisi
1219 364 1281 399 ubi
1307 370 1434 400 natm-a
1455 377 1542 402 cura
1566 368 1709 412 juvetur

215 417 270 456 11,
286 416 320 456 3,
343 415 397 446 11.
424 412 590 456 profecto
613 412 734 456 perf.
759 412 983 455 qui-ddam
1006 413 1096 456 fieri,
1122 423 1203 446 cum
1224 411 1343 446 omnia
1365 413 1538 458 coierunt,
1561 425 1709 449 necesse

216 466 271 494 est
295 462 336 492 ib.
363 460 397 494 9.
445 457 616 502 quidquid
642 459 832 502 loquemur
854 459 1080 504 ubicunque,
1115 458 1160 492 sit
1186 468 1252 502 pro
1287 469 1352 492 sua
1383 459 1523 494 scilicet
1543 461 1708 506 portione

214 506 414 550 perfectum
439 504 494 548 (a.
520 508 543 539 Ι.
572 503 757 548 perfecte)
795 507 861 548 10,
897 509 943 549 7,
978 507 1037 542 28.
1085 503 1227 547 omnia,
1277 516 1368 548 quae
1398 505 1518 553 magni
1547 508 1709 542 auctores

215 551 394 594 dixerint,
429 551 552 596 utique
576 561 655 585 esse
679 552 770 595 perf.
802 554 859 594 10,
886 554 918 595 1,
949 552 1016 594 24,
1046 558 1157 586 artem
1187 550 1473 595 compositionis,
1499 563 1589 597 quae
1612 554 1708 597 perf.

216 599 261 632 sit
286 601 319 640 9,
350 597 385 637 4,
411 597 465 632 16.
514 609 550 641 p.
577 597 803 641 eloquentiae
830 599 864 640 6,
890 600 924 640 3,
951 597 1028 631 104.
1064 601 1119 640 12,
1145 600 1200 640 11,
1224 598 1281 632 29.
1305 608 1340 641 p.
1370 598 1486 632 forma
1513 601 1545 641 1,
1571 600 1627 641 10,
1649 598 1709 634 40.

214 657 250 688 p.
273 644 468 678 membrum
499 644 535 686 9,
573 642 609 687 4,
643 646 722 678 123.
751 656 787 688 p.
822 644 938 678 oratio
971 647 1013 688 2,
1047 643 1089 687 4,
1121 642 1156 677 4.
1205 653 1279 677 non
1312 644 1620 679 destinatam
1649 645 1712 680 vel

214 691 493 725 inchoatam
517 690 581 724 sed
605 691 724 734 perf.
749 691 998 734 probationem
1029 691 1064 734 5,
1104 692 1161 733 10,
1197 691 1229 724 5.
1274 689 1344 732 jam
1375 691 1496 733 perf.
1520 690 1713 726 'consti-

216 738 418 780 tutisque
442 735 579 771 viribus
616 738 673 778 10,
709 738 742 779 1,
777 738 835 772 57.
869 750 905 782 p.
939 742 1062 771 orator
1093 736 1158 773 Pr.
1190 736 1226 778 9,
1261 738 1317 770 17.
1375 735 1406 769 is
1443 736 1528 779 erit,
1575 748 1712 781 quem

217 782 517 828 quaerimus,
549 794 585 826 p.
612 787 734 816 orator
761 786 817 826 10,
839 787 874 825 2,
902 785 958 818 28.
983 795 1018 827 p.
1057 781 1204 827 aliquis,
1244 782 1431 826 qualem
1467 788 1711 826 optamus,

216 836 339 865 orator
367 832 422 871 12,
451 832 486 871 2,
511 830 546 864 9.
572 841 605 862 v.
631 829 816 863 Orator.
856 829 1222 864 Consummatus.
1269 827 1388 863 virum
1422 828 1711 875 singularem

217 877 589 921 perfectumque
621 875 775 919 undique
801 878 856 918 12,
885 878 918 918 1,
942 876 1005 919 25,
1042 875 1141 920 quasi
1166 874 1335 918 perfectis
1365 874 1460 908 omni
1485 875 1556 909 alio
1581 886 1712 922 genere

216 922 400 957 doctrinae
430 932 604 955 summam
628 921 714 955 inde
755 922 981 967 eloquentiae
1015 933 1158 955 manum
1196 920 1420 964 imponerent
1455 921 1513 956 Pr.
1546 919 1582 955 4.
1630 920 1715 956 cum

215 969 313 1005 vitae
339 973 413 1001 tum
439 967 545 1002 etiam
570 967 796 1011 eloquentiae
820 970 925 1002 laude
958 969 1138 1012 perfectus
1173 969 1235 1009 12,
1269 969 1316 1011 2,
1349 969 1406 1001 27.
1453 977 1522 1002 nec
1553 967 1713 1002 moribus

215 1016 325 1049 modo
349 1014 531 1058 perfectus
555 1015 619 1048 sed
645 1015 751 1048 etiam
775 1014 925 1049 scientia
950 1020 985 1049 et
1009 1015 1107 1048 omni
1129 1014 1299 1048 facultate
1333 1012 1476 1047 dicendi
1498 1014 1555 1047 Pr.
1581 1015 1637 1049 18.
1664 1012 1711 1054 cs.

217 1065 274 1104 12,
300 1064 334 1103 1,
363 1059 419 1094 24.
468 1059 505 1103 b)
534 1063 709 1104 Gompam
752 1073 822 1105 qua
848 1060 938 1095 nihil
963 1062 1056 1105 apud
1080 1070 1215 1103 vacuas
1239 1069 1343 1093 aures
1371 1064 1492 1103 potest
1526 1070 1606 1094 esse
1630 1071 1714 1104 per-

214 1107 345 1142 fectius
371 1109 427 1149 10,
454 1109 488 1148 1,
515 1108 570 1140 32.
599 1106 643 1148 cf.
668 1107 725 1142 78.
761 1107 797 1149 c)
822 1109 980 1151 Superl.:
1009 1107 1167 1141 omnium
1191 1105 1471 1150 perfectissimus
1497 1105 1714 1140 Graecorum

215 1151 431 1196 (Demosth.)
461 1155 517 1195 10,
542 1155 577 1196 2,
602 1151 659 1186 24.
710 1164 731 1187 a
754 1153 1015 1198 perfectissimo
1040 1164 1183 1198 quoque
1210 1151 1343 1196 optime
1366 1152 1510 1187 uastari
1534 1155 1568 1196 1,
1596 1155 1630 1195 1,
1654 1153 1714 1186 23.

168 1198 367 1240 Perfidia·
419 1209 449 1243 si
469 1211 600 1243 malum
628 1210 797 1255 perfidia,
823 1222 898 1247 non
922 1217 976 1246 est
999 1211 1196 1246 fallendum
1227 1210 1262 1255 5,
1299 1213 1356 1255 10,
1380 1208 1442 1246 74.
1699 1203 1702 1206 Δ

168 1254 378 1296 Perfidus.
406 1265 588 1309 perfidi
608 1277 650 1300 ac
673 1278 756 1310 pro
769 1268 836 1302 dit
848 1268 944 1303 oris
963 1274 1028 1313 est,
1044 1269 1145 1313 pejus
1157 1279 1278 1315 agere,
1301 1279 1406 1313 quam
1416 1265 1531 1313 possit
1542 1267 1599 1322 12¹,
1609 1266 1643 1309 9,
1657 1263 1714 1300 15·

168 1311 362 1352 PerforO.
412 1333 542 1358 navem
565 1324 726 1366 perforet
760 1325 798 1367 8,
826 1325 861 1367 6,
888 1327 947 1359 47.

167 1368 373 1410 Perfrico·
400 1378 598 1423 perfricare
623 1378 753 1413 faciem
776 1386 812 1414 et
836 1381 936 1425 quasi
957 1381 1155 1425 improbam
1172 1382 1293 1416 facere
1316 1384 1373 1425 11,
1397 1383 1432 1424 3,
1457 1381 1537 1416 160.
1559 1379 1715 1425 perfrica

213 1427 372 1460 frontem
398 1427 516 1459 Cazv.
543 1427 578 1466 9,
608 1428 643 1468 2,
668 1425 726 1460 25.

168 1471 400 1514 Perfundo.
437 1487 558 1518 vestes
582 1482 754 1529 sanguine
778 1483 942 1526 perfusas
965 1483 1001 1526 6,
1028 1484 1061 1527 1,
1090 1485 1148 1518 30.

168 1530 320 1583 Pergo·
367 1540 579 1585 Pergamus:
627 1540 679 1574 sic
722 1539 975 1583 perveniamus
1025 1551 1205 1586 eousque,
1250 1544 1290 1573 ut
1320 1543 1487 1583 stella,
1530 1542 1713 1573 luminis

215 1589 345 1619 stilla
370 1587 536 1620 credatur
559 1587 594 1629 1,
617 1586 653 1630 6,
683 1587 741 1620 35.
1294 1606 1300 1610 -

169 1629 367 1686 Pergula·
416 1644 506 1678 duos
530 1642 569 1676 in
593 1653 667 1678 uno
698 1642 846 1677 nomine
879 1643 1037 1678 faciebat
1069 1644 1306 1678 barbarismos
1336 1643 1453 1678 Tinea
1487 1642 1714 1677 Placentinus

218 1690 463 1733 preculam
488 1700 553 1733 pro
577 1691 781 1736 pergula
804 1689 928 1724 dicens
954 1693 989 1734 1,
1017 1691 1051 1733 5,
1081 1693 1135 1725 12.

169 1733 405 1826 Pe5r7hibeoP
442 1747 771 1826 Jobvebpropagatus
796 1753 850 1782 est
875 1747 934 1791 (ut
954 1747 1167 1792 perhibent)
1191 1746 1377 1781 Tantalus.
1405 1748 1463 1780 Tr
1475 1758 1498 1781 a
1506 1748 1590 1789 gic-
1615 1746 1652 1789 9,
1677 1746 1713 1788 3,

270 1805 279 1834 ;
315 1804 349 1826 υ.
420 1803 469 1826 er
510 1803 523 1826 1
569 1803 604 1826 o.

169 1836 472 1891 Perhorresco·
519 1835 726 1884 humilitatis
750 1861 833 1894 pars
868 1856 923 1885 est
948 1850 1081 1895 ubique
1113 1850 1391 1894 perhorrescere
1421 1848 1445 1884 9
1456 1875 1467 1892 ,
1496 1846 1540 1892 4,
1575 1849 1632 1884 35.
1666 1858 1715 1882 ne

214 1897 304 1929 haec
331 1897 432 1930 velut
458 1906 594 1929 moram
607 1895 661 1930 rei
685 1898 1075 1940 perhorrescant
1109 1901 1146 1930 et
1178 1897 1441 1941 desperent
1469 1901 1551 1930 ante
1568 1894 1715 1943 experi-

216 1947 375 1975 mentum
403 1944 459 1985 12,
485 1945 544 1985 11,
569 1943 604 1977 9.
1499 1950 1502 1952 ·

169 1985 406 2028 Periclitor·
449 1997 492 2042 α)
516 1998 554 2032 in
579 2009 623 2033 eo
652 1999 797 2044 scripto,
824 2001 921 2044 quod
945 2001 1044 2034 Nero
1069 2000 1114 2033 ad
1139 1999 1307 2034 Senatum
1328 1997 1425 2032 misit
1447 1995 1567 2032 occisa
1589 1989 1728 2039 matre,-

186 2085 193 2089 .
217 2056 297 2078 cum
322 2056 360 2078 se
384 2044 621 2088 periclitatum
645 2045 763 2080 videri
789 2047 902 2082 vellet
926 2047 960 2087 8,
985 2048 1019 2088 5,
1046 2047 1112 2087 18;
1146 2051 1186 2079 ut
1217 2056 1276 2079 res
1312 2050 1555 2089 proponatur,
1598 2043 1712 2077 verba

217 2101 289 2124 non
310 2090 556 2134 periclitentur
578 2094 612 2133 7,
629 2093 662 2134 3,
687 2095 749 2135 17,
777 2094 935 2136 imprimis
949 2094 982 2125 in
993 2092 1146 2136 judiciis.-
1173 2091 1226 2126 eis
1244 2090 1409 2135 utrisque·
1426 2102 1483 2135 ap.
1505 2094 1540 2123 te
1557 2088 1713 2131 iudicem

217 2136 438 2180 periclitatur
461 2137 582 2171 Laelia
605 2140 667 2170 Do
681 2151 724 2172 m.
750 2141 787 2171 A
796 2137 822 2178 fi
861 2139 895 2181 9,
931 2137 966 2182 4,
996 2139 1057 2174 31.
1107 2145 1189 2172 cum
1221 2136 1341 2172 omnia
1370 2147 1477 2171 curae
1510 2135 1712 2178 tutelaeque

217 2182 322 2216 unius
347 2182 517 2216 innixa
547 2183 846 2227 periclitari
869 2185 968 2218 nullo
991 2182 1114 2228 judicii
1139 2183 1242 2218 exitu
1264 2182 1402 2228 possint
1434 2182 1478 2225 6,
1515 2184 1555 2224 1,
1590 2181 1647 2215 35.
1681 2179 1713 2214 si

218 2234 277 2262 aut
290 2235 381 2262 statu
395 2228 587 2273 periclitari
602 2234 662 2262 aut
673 2229 843 2274 opinione
858 2230 1016 2277 litigator
1033 2229 1177 2264 videtur
1196 2232 1239 2263 ib.
1264 2230 1322 2264 36.
1350 2229 1524 2273 proban
1536 2226 1636 2260 dum
1657 2230 1713 2260 est

218 2280 276 2307 aut
301 2287 405 2308 causa
428 2275 804 2319 periclitandum
828 2280 862 2320 7,
890 2279 926 2320 2,
965 2279 1030 2317 12,
1057 2289 1086 2310 c.
1119 2275 1212 2317 Ins..·
1244 2286 1381 2308 summa
1417 2274 1533 2315 (vox)
1565 2270 1728 2323 rumpi*

216 2321 438 2363 periclitatur
462 2324 518 2363 11,
543 2322 578 2364 3,
605 2320 662 2355 42.
710 2321 749 2366 ῥ’)
780 2325 907 2357 Panic.
942 2325 975 2355 1'n
1001 2322 1138 2365 judiciis
1161 2324 1204 2355 de
1230 2324 1294 2354 reis
1327 2332 1503 2364 eorumque
1539 2321 1710 2362 patronis.-

218 2366 351 2411 agimus
378 2367 638 2411 periclitantem
666 2366 721 2411 (in
746 2369 890 2411 scholis)
916 2369 951 2410 6,
977 2370 1010 2410 2,
1043 2368 1099 2402 36.
1148 2367 1288 2402 moveri
1318 2365 1596 2411 periclitantium
1629 2364 1721 2398 vinei

218 2414 261 2444 ib.
288 2415 343 2457 35.
391 2413 632 2448 necessarium
659 2414 873 2457 periclitanti
896 2413 1132 2448 solicitudinis
1161 2415 1321 2447 colorem
1353 2415 1410 2455 11,
1446 2415 1479 2454 1,
1513 2410 1571 2446 49.
1616 2399 1720 2462 peria}

219 2458 398 2492 clitantein
435 2460 659 2493 commendat
706 2460 879 2507 dignitas,
924 2466 959 2494 et
998 2459 1114 2493 studia
1156 2459 1283 2502 fortia,
1327 2464 1364 2492 et
1394 2462 1580 2501 susceptae
1615 2456 1718 2505 δεΙΙᾳ

219 2502 427 2544 cicatrices,
462 2511 498 2539 et
522 2505 712 2546 nobilitas,
751 2513 787 2540 et
809 2505 935 2540 merita
957 2506 1131 2548 majorum
1160 2507 1195 2549 6,
1232 2509 1273 2548 1,
1303 2507 1361 2538 21.
1406 2507 1615 2547 propatre
1646 2508 1716 2551 etc«,

217 2549 496 2590 periclitantibus
522 2554 578 2593 12,
605 2554 637 2594 1,
675 2551 746 2594 40,
787 2553 909 2586 Neutr.
947 2554 970 2584 ἱ.
1008 2565 1037 2596 q.
1067 2555 1269 2584 nimium.-
1311 2550 1350 2583 in
1380 2547 1568 2591 juvenibus
1605 2545 1717 2580 etiam·

216 2595 446 2629 uberiora
468 2598 575 2640 paulo
601 2603 636 2631 et
662 2609 777 2641 paene
801 2597 1145 2642 periclitantia
1170 2599 1336 2631 feruntur
1359 2597 1414 2636 11,
1442 2595 1476 2635 1,
1503 2593 1547 2626 32
1571 2594 1619 2626 Ν.
1712 2595 1713 2598 ’

170 2635 427 2681 Pel'icsslose-
475 2667 511 2697 p.
537 2667 743 2689 mansurum
765 2654 803 2688 in
826 2654 888 2688 illa
912 2655 1019 2688 domo
1042 2653 1078 2697 4,
1111 2657 1147 2693 2,
1183 2654 1249 2695 96,
1291 2651 1322 2685 si
1357 2649 1442 2695 quid
1474 2648 1665 2694 periculosi
1704 2649 1711 2701 ,⁶

217 2695 363 2773 finxisse
386 2698 605 2744 videbimur,
643 2702 853 2746 quibusdam
888 2699 1056 2735 remediis
1085 2697 1400 2744 praemuniendum
1437 2701 1507 2741 est,
1554 2699 1605 2731 Ut
1640 2698 1697 2728 ἐτ’

251 2744 357 2774 icam
386 2750 446 2777 etc.
471 2747 506 2788 8,
533 2748 567 2789 3,
596 2749 652 2781 37.

171 2784 456 2850 qu'iPUIOSUS·
500 2813 535 2844 p.
562 2803 696 2837 offensa
731 2807 774 2846 2,
809 2805 876 2846 20,
907 2803 942 2837 8.
988 2800 1222 2835 temeritatem
1253 2810 1328 2834 non
1359 2799 1474 2834 causis
1505 2799 1613 2834 modo
1647 2778 1711 2881 εἰῇ

218 2854 304 2886 ipsis
330 2855 483 2890 quoque,
513 2847 573 2890 qui
601 2849 780 2891 dixerunt,
810 2860 885 2892 per.
912 2851 969 2892 12,
995 2849 1029 2891 9,
1059 2849 1114 2882 13.
1141 2844 1289 2890 (fulgor)
1319 2845 1464 2880 habenti
1487 2845 1665 2889 periculos
1701 2888 1705 2894 ‚

1699 2918 1706 2949 i

1694 2955 1701 2971 α
