1728 3002
522 229 738 272 Pei-tracto
768 247 824 259 -
851 227 1059 270 Pervenio
1489 227 1571 267 653

12 378 18 382 .
60 355 63 357 “
86 347 122 391 5,
144 348 204 382 rr.
232 345 268 381 5.
297 350 520 390 quantum
543 345 588 380 ad
611 343 700 379 alios
725 343 902 387 pertineat
923 344 959 385 8,
973 344 1018 387 ‚2‚
1043 342 1096 378 19.
1128 348 1349 388 quantum
1377 341 1419 375 ad
1445 339 1572 387 cogni-

84 393 220 428 tionem
242 390 396 434 pertinet
418 403 538 426 rerum
562 394 619 434 12,
643 390 679 433 4,
711 394 746 429 2.
793 389 831 436 γ)
871 403 936 436 seq.
979 396 1044 423 ut:
1078 394 1123 422 ut
1159 394 1277 435 gratus
1304 389 1371 430 sit,
1411 389 1454 420 ed
1490 398 1573 421 eum

85 439 199 486 magis
226 437 392 484 pertinet,
424 438 485 482 qui
517 438 622 472 debet
656 439 713 480 12,
745 439 779 479 7,
814 439 869 470 12.
917 446 1009 480 quae
1040 434 1161 469 omnia
1198 446 1251 469 eo
1283 434 1483 479 pertinent,
1526 438 1574 466 ut

88 490 268 529 appareat,
290 494 364 518 non
388 483 510 528 utique
533 494 676 518 narrare
699 494 781 517 eum
809 490 870 516 etc.
898 480 935 524 4,
959 485 994 526 2,
1020 483 1075 517 19.
1100 480 1146 522 cs.
1170 482 1227 516 82.
1253 484 1309 523 12,
1334 483 1368 522 2,
1390 481 1423 513 6.
1456 489 1573 531 neque

86 532 158 565 hoc
184 541 238 564 eo
262 535 367 574 pert„
393 535 442 563 ut
466 529 501 563 in
527 530 582 564 his
605 530 723 564 nullus
746 528 792 562 sit
817 534 986 570 ornatus,
1010 528 1074 562 sed
1098 527 1149 560 uti
1172 527 1331 572 pressior
1353 532 1388 560 et
1412 536 1574 560 severior

90 583 152 610 etc.
178 578 214 619 8,
245 578 279 618 3,
312 577 368 610 13.
417 575 545 621 Quod
580 582 695 610 autem
731 574 856 619 posui,
892 575 1052 617 referre,
1097 583 1167 618 quo
1201 573 1354 617 quidque
1387 577 1574 606 accusator

89 623 200 656 modo
234 621 383 662 dixerit,
416 623 507 655 huc
536 622 778 666 pertinet,
811 627 862 655 ut
895 639 940 646 -
975 620 1051 664 ipsa
1087 621 1164 663 ejus
1191 621 1305 654 verba
1335 624 1512 662 ponantur
1539 618 1575 659 5,

89 670 147 711 13,
171 668 229 702 25.
274 666 326 710 ΙΙ)
351 670 498 701 Ραι-ιὶο..·
523 669 632 701 multa
657 668 715 701 ad
741 668 841 701 eand.
865 677 941 701 rem
965 666 1178 710 pertinentia
1212 666 1247 708 9,
1273 665 1308 707 4,
1335 668 1365 698 1.
1393 663 1577 698 extrin-

89 725 225 754 secus
250 713 464 758 pertinentia
488 714 542 747 ad
567 713 858 748 deliberationem
895 715 930 755 3,
965 714 999 753 8,
1034 715 1088 750 11.
1135 711 1249 745 finitio
1283 722 1504 754 supervacua
1539 715 1576 743 et

86 759 178 793 nihil
200 760 253 793 ad
283 770 423 793 causam
462 759 644 802 pertinens
676 763 711 804 7,
746 762 779 802 3,
811 761 868 793 20.
916 764 1004 803 pert.
1042 760 1097 792 ad
1129 769 1168 792 se
1206 759 1364 792 laborem
1397 760 1431 799 2,
1469 760 1500 798 1,
1538 757 1573 790 5.

85 811 177 850 pert.
202 806 256 839 ad
279 806 409 852 figuras
436 805 528 839 liber
550 807 584 848 9,
620 808 654 848 1,
680 809 711 840 1.
757 807 875 839 locum
914 806 968 838 ad
1001 804 1086 839 alias
1123 804 1222 848 quasi
1258 804 1408 838 virtutes
1433 801 1575 836 dicendi

84 857 174 895 pert.
199 853 244 886 ih.
268 853 324 886 36.
353 857 469 895 pert.
496 852 552 885 ad
575 862 715 885 causam
742 853 805 886 sed
833 862 907 885 non
934 851 1086 895 ipsius
1120 861 1248 884 causae
1281 849 1504 883 narrationes
1537 847 1574 891 4,

84 900 120 940 2,
146 900 202 931 17.
249 908 298 931 ex
321 897 549 940 opinionibus
573 898 626 931 ad
649 909 790 931 causam
819 902 962 931 extra
984 902 1075 940 pert.
1111 895 1147 939 4,
1174 899 1207 938 1,
1234 897 1290 930 50.
1338 896 1392 928 ad
1421 895 1456 927 id
1480 900 1576 937 pert.

84 948 272 987 praecepta
294 943 330 985 6,
353 945 388 986 3,
413 946 468 976 11.
516 954 574 976 res
598 949 688 987 pert.
719 945 775 977 ad
805 943 1008 986 exemplum
1042 942 1077 985 4,
1104 945 1136 984 1,
1161 943 1219 975 33.
1252 947 1307 975 est
1338 947 1374 975 et
1406 940 1495 974 alius
1523 951 1574 973 ex

84 988 241 1023 historiis
263 999 371 1030 usus,
409 990 472 1023 sed
498 999 570 1023 non
598 990 653 1022 ad
679 991 902 1033 praeSentem
926 994 1017 1033 pert.
1042 990 1161 1022 locum
1190 990 1245 1030 10,
1272 991 1304 1029 1,
1329 986 1389 1023 34.

38 1032 269 1074 Pertracto·
308 1045 450 1090 poetica
476 1047 630 1079 themata
652 1051 866 1090 pertractare
889 1047 924 1087 2,
955 1047 1011 1087 10,
1035 1045 1067 1079 5.
1103 1044 1218 1079 omnis
1253 1044 1394 1078 honesti
1418 1042 1573 1086 justique

86 1090 272 1135 disciplina
295 1093 558 1135 pertractanda‘
568 1095 624 1135 12,
651 1095 687 1134 2,
713 1095 746 1125 1.
794 1090 961 1136 quidquid
990 1090 1057 1125 erit
1083 1090 1268 1125 sententiis
1298 1091 1470 1134 populare
1498 1097 1574 1130 etc„

86 1138 189 1172 velut
214 1137 357 1172 institor
377 1138 519 1182 quidam
539 1138 765 1183 eloquentiae
787 1138 834 1172 in
842 1143 917 1172 tue
928 1149 952 1171 n
965 1138 988 1171 d
997 1149 1022 1170 u
1032 1149 1068 1171 m
1083 1142 1120 1172 et
1136 1148 1250 1182 paene
1273 1149 1296 1181 p
1308 1147 1353 1170 er
1362 1142 1375 1170 t
1383 1147 1404 1170 r
1413 1148 1433 1170 a
1442 1142 1483 1171 ct
1493 1147 1512 1169 a
1522 1146 1546 1168 n
1556 1155 1577 1163 -

88 1183 187 1216 dum
213 1183 309 1218 dabit
330 1185 365 1227 8,
399 1186 435 1228 3,
464 1187 523 1222 12.

41 1237 323 1282 Perturbafio·
360 1251 512 1286 militum
535 1265 571 1296 p.
599 1254 635 1294 3,
658 1253 694 1294 8,
709 1254 769 1288 21.
793 1264 828 1296 p.
851 1251 981 1286 mentis
1007 1251 1042 1296 9,
1060 1253 1095 1295 3,
1118 1249 1178 1286 47.
1203 1251 1422 1286 affectus
1449 1251 1576 1285 exclu-

86 1297 224 1332 dandos
253 1299 441 1341 putabant,
484 1298 567 1342 quia
599 1297 728 1333 vitium
764 1304 858 1333 esset
888 1297 1004 1332 omnis
1040 1297 1190 1332 animi
1218 1303 1336 1342 pert.
1374 1300 1408 1340 5,
1443 1299 1502 1333 Pr.
1543 1300 1576 1330 1.

89 1340 181 1386 [hos
205 1343 369 1387 (affectus
393 1343 592 1385 commotos)
620 1344 666 1377 ad
690 1350 818 1388 pert„
842 1345 925 1378 illos
957 1345 1003 1379 ad
1035 1343 1439 1380 benevolentiam
1471 1354 1578 1387 prae-

84 1389 209 1424 valere
230 1389 266 1432 6,
292 1391 331 1433 2,
353 1390 377 1425 9
409 1402 444 1429 v.
472 1388 719 1434 Perlati0.]

38 1443 276 1487 Pssl'tm'bos
314 1457 416 1492 varia
437 1458 697 1503 permutatione
720 1458 930 1503 perturbent
953 1456 1115 1502 (literas)
1139 1461 1173 1503 1,
1199 1461 1233 1502 1,
1260 1460 1319 1494 25.
1344 1467 1490 1515 somnos
1513 1456 1577 1490 illa

84 1513 152 1547 per
176 1503 332 1548 quietem
357 1504 440 1539 visa
461 1505 670 1549 perturbant
694 1507 750 1549 12,
777 1508 811 1548 1,
839 1505 874 1541 6.

38 1545 245 1603 Pervtldo.
302 1561 399 1606 quod
427 1560 556 1596 vitium
583 1563 742 1606 pervasit
779 1564 836 1606 11,
875 1565 909 1606 1,
932 1562 996 1606 56;
1049 1561 1208 1607 pervasit
1238 1562 1310 1605 jam
1346 1561 1477 1594 multos
1510 1558 1580 1593 ista

86 1605 271 1649 persuasio
293 1607 329 1650 8,
351 1610 389 1650 2,
414 1610 474 1641 21.

17 1658 266 1730 ,.ῙΙ’θῘῩθΠὶοο
311 1673 353 1714 α)
377 1676 419 1707 de
445 1663 603 1718 personis.
626 1674 664 1719 a)
687 1678 786 1709 Act„-
824 1676 949 1709 eadem
973 1675 1115 1710 ratione
1140 1674 1362 1709 Pisistratum
1386 1674 1438 1706 ad
1462 1672 1579 1707 domi-

87 1717 271 1752 nationem
296 1719 506 1762 pervenisse
530 1723 564 1761 5,
591 1723 647 1760 11,
671 1722 705 1755 8.
728 1721 855 1765 quibus
877 1722 1087 1764 pervenisse
1110 1732 1168 1754 me
1193 1722 1247 1754 ad
1275 1720 1419 1764 aliquod
1447 1730 1580 1752 nomen

89 1762 225 1810 ingenii
245 1764 281 1807 6,
304 1767 340 1806 2,
363 1765 423 1799 36.
468 1777 586 1810 neque
611 1766 713 1800 aliter
735 1767 927 1810 pervenire
958 1768 1013 1800 ad
1045 1767 1264 1800 intellectum
1297 1765 1522 1809 sequentium
1550 1768 1583 1805 1,

90 1806 128 1850 4,
151 1811 209 1843 23.
243 1810 310 1845 -ad
328 1809 503 1844 infinitum
526 1823 675 1855 usque
698 1812 885 1855 perveniat
919 1815 976 1856 11,
1013 1816 1048 1856 2,
1082 1812 1138 1846 41.
1189 1817 1377 1853 excutere,
1409 1810 1555 1854 quidqui

89 1853 162 1887 dici
183 1859 322 1898 potest,
346 1861 402 1898 et,
435 1857 535 1891 velut
565 1857 761 1900 rejectione
796 1859 911 1902 facta,
955 1859 1012 1897 ad
1046 1858 1216 1903 optimum
1246 1856 1438 1901 pervenire
1473 1860 1509 1898 7,
1546 1860 1579 1898 1,

90 1898 159 1934 34.-
177 1899 215 1933 in
237 1899 486 1935 Partitionibus
510 1903 676 1936 oratoriis
700 1905 752 1936 ad
775 1905 871 1938 easd.
909 1904 1067 1948 quinque
1092 1903 1258 1948 pervenit
1283 1908 1401 1947 partes
1425 1903 1459 1944 3,
1484 1904 1520 1945 3,
1544 1905 1580 1936 7.

95 1945 140 1987 cs.
171 1948 207 1989 3,
240 1946 277 1989 6,
311 1945 370 1981 49.
413 1947 475 1980 alii
508 1955 751 1991 pervenerunt
786 1961 936 1993 usque
969 1951 1021 1983 ad
1054 1956 1137 1984 octo
1172 1949 1330 1991 (sunus)
1362 1951 1406 1991 3,
1437 1948 1480 1990 6,
1524 1949 1606 1999 55..

93 2002 174 2026 cum
206 1992 259 2025 ad
291 2002 351 2025 eas
383 1991 422 2026 in
457 1994 582 2027 studiis
618 1994 715 2028 vires
755 1996 962 2037 pervenerit
1013 2007 1104 2039 puer
1145 1999 1189 2036 2,
1233 1998 1274 2037 2,
1322 1998 1358 2035 1;
1400 1994 1581 2038 quomodo
1631 2020 1636 2023 -

93 2036 284 2082 pervenire
319 2037 538 2081 quolibet
573 2039 659 2073 licet
695 2042 729 2081 5,
765 2043 821 2083 10,
858 2040 925 2083 843
969 2054 1037 2086 seq.
1071 2045 1137 2074 in.-
1170 2041 1221 2074 in
1256 2040 1447 2074 crastinum
1484 2040 1581 2073 diem

91 2089 347 2127 perventurum
375 2085 408 2125 5,
434 2086 491 2127 10,
516 2086 574 2121 16.
621 2085 666 2118 in
690 2085 840 2120 sublime
864 2092 899 2119 et
924 2087 976 2119 ad
1000 2098 1176 2120 summum
1210 2097 1285 2120 non
1309 2086 1475 2128 pervenit
1499 2085 1582 2119 nisu

94 2130 157 2163 sed
179 2129 313 2172 impetu
337 2130 373 2171 8,
397 2128 432 2171 4,
464 2131 498 2165 9.
548 2130 607 2175 qui
643 2131 808 2174 pervenit
836 2131 883 2165 in
917 2143 1091 2165 summum
1125 2135 1188 2174 12,
1222 2134 1286 2174 10,
1316 2133 1383 2174 78;
1415 2145 1482 2176 seq.
1515 2139 1579 2165 ut.-

93 2174 211 2218 aliquo
235 2174 387 2208 circuitu
410 2176 462 2208 ad
485 2175 527 2209 id
550 2177 761 2220 pervenire,
795 2183 842 2210 nt
864 2177 938 2220 illi,
978 2179 1074 2222 quod
1105 2177 1260 2211 maxime
1299 2177 1418 2211 dicere
1451 2177 1581 2221 voluit,

91 2220 257 2257 videatur
282 2231 490 2263 expressum
511 2222 545 2265 5,
578 2226 612 2263 7,
647 2225 705 2256 16.
750 2223 940 2266 pervenire
971 2234 1024 2258 eo
1061 2224 1203 2264 debet,
1225 2229 1274 2256 ut
1306 2222 1474 2269 cogitatio
1506 2234 1582 2257 non

92 2266 215 2310 utique
241 2266 369 2300 melior
395 2266 440 2300 sit
463 2278 507 2301 ea
531 2269 595 2302 sed
617 2267 726 2301 tutior
750 2271 806 2310 10,
832 2273 868 2312 7,
898 2270 954 2304 79.
1001 2270 1214 2317 Pergamus,
1249 2269 1301 2303 sic
1327 2269 1580 2314 perveniemus

95 2322 336 2355 eousque,
369 2318 417 2346 ut
446 2314 547 2347 stella
569 2314 712 2347 luminis
737 2315 830 2348 stilla
854 2314 989 2348 dicatur
1029 2318 1071 2357 1,
1104 2316 1146 2358 6,
1178 2315 1232 2349 35.
1281 2314 1321 2358 b)
1356 2318 1473 2349 pass„—
1507 2315 1582 2359 illa,

95 2369 161 2401 per
183 2369 273 2401 quae
298 2359 342 2391 ad
366 2359 605 2403 eloquentiam
627 2361 836 2404 pervenitur
857 2364 892 2402 2,
917 2363 952 2403 3,
977 2361 1009 2398 5.
1057 2361 1106 2395 ita
1138 2361 1321 2405 perveniri
1355 2362 1400 2394 ad
1425 2362 1582 2405 speciem

95 2413 170 2436 non
194 2409 312 2446 potest
335 2405 369 2446 3,
394 2406 428 2446 5,
455 2407 509 2439 13.
540 2405 584 2447 qs.
616 2408 651 2448 5,
683 2408 740 2448 10,
771 2407 829 2443 56.
875 2418 944 2441 nec
976 2408 1020 2440 ad
1052 2407 1158 2440 ullius
1192 2406 1247 2440 rei
1279 2418 1472 2450 summam,
1510 2408 1582 2441 nisi

93 2449 388 2493 praecedentibus
413 2450 546 2493 initiis,
582 2451 764 2496 perveniri
785 2453 844 2486 Pr.
877 2453 910 2488 5.
949 2452 994 2493 cs.
1031 2455 1093 2495 10,
1130 2455 1170 2495 1,
1204 2452 1239 2486 4.
1293 2463 1367 2486 non
1398 2454 1582 2497 perveniri

93 2500 212 2538 potest
235 2496 279 2528 ad
303 2495 396 2529 hanc
420 2496 496 2531 vim
521 2499 577 2540 10,
601 2498 634 2538 6,
666 2500 701 2532 2.
749 2509 841 2541 quo
876 2498 921 2532 sit
955 2504 991 2532 et
1021 2509 1105 2543 qua
1134 2499 1418 2542 perveniendum
1454 2502 1509 2542 10,
1544 2503 1581 2543 7,

96 2540 131 2575 5.
157 2541 202 2584 β)
226 2542 269 2573 ‹le
291 2544 465 2575 inanimis.-
500 2548 541 2576 ut
563 2543 614 2576 ad
640 2554 718 2577 eam
750 2544 845 2577 bona
875 2555 941 2588 per
971 2545 1046 2579 hoe
1076 2544 1220 2578 tacitum
1270 2540 1582 2579 fideicorffinissum

92 2586 324 2630 pervenirent
346 2588 382 2630 9,
405 2590 440 2630 2,
463 2586 521 2622 74.
565 2589 775 2632 pervenisse
799 2590 849 2623 ad
881 2589 1062 2623 Rabirium
1095 2589 1286 2634 pecuniam
1317 2590 1353 2634 4,
1390 2594 1424 2634 2,
1460 2594 1512 2625 10.
1551 2591 1582 2625 si

47 2651 50 2654 ‹
95 2642 166 2676 qna
193 2643 250 2666 ex
272 2632 377 2666 nobis
411 2634 464 2667 ad
499 2635 651 2678 juvenes
686 2636 802 2670 bonos
833 2636 1023 2678 pervenire.
1057 2642 1177 2680 posset
1211 2637 1342 2671 utilitas
1373 2638 1410 2679 6,
1446 2638 1504 2674 Pr.
1539 2641 1579 2679 13

44 2700 45 2704 ,
92 2677 184 2711 nihil
205 2689 329 2712 eorum
352 2679 406 2713 ad
430 2679 583 2713 animum
605 2681 794 2725 perveniet
819 2684 873 2723 10,
897 2684 932 2725 3,
955 2683 1014 2717 28.
1037 2682 1263 2729 ingeniorum
1284 2694 1443 2728 praecox
1469 2694 1581 2729 genus

38 2753 49 2762 ,
93 2733 168 2757 non
184 2729 319 2759 temere
334 2735 490 2769 unquam
507 2726 673 2769 pervenit
695 2728 748 2760 ad
771 2728 910 2774 frugem
935 2730 968 2770 1,
987 2729 1021 2772 3,
1045 2730 1079 2763 3.
1102 2734 1144 2762 ut
1160 2729 1302 2764 tunicae
1321 2729 1580 2774 posterioribus

6 2774 66 2801 νίζ’
94 2768 214 2812 (oris)
237 2771 292 2803 ad
321 2771 459 2806 medios
491 2772 645 2816 poplites
676 2773 887 2817 perveniant
925 2776 982 2816 11,
1021 2776 1056 2816 3,
1089 2775 1168 2810 138.
1215 2786 1274 2810 res
1308 2777 1362 2809 ad
1392 2775 1448 2817 id,
1485 2776 1581 2819 quod

92 2814 221 2849 volunt
243 2815 408 2861 efficere,
437 2818 626 2862 perveniat
649 2819 683 2862 5,
709 2822 745 2864 7,
767 2821 826 2855 28.
871 2819 1037 2865 pervenit
1061 2831 1120 2856 res
1144 2832 1294 2866 usque
1324 2822 1381 2855 ad
1414 2820 1578 2867 aenigma
