1728 3002
470 182 683 228 Institutio
712 205 767 211 —-
796 177 1123 220 instrumentum
1484 178 1566 219 435

63 312 167 339 'rem
188 301 356 344 mnam,
390 298 497 334 etiam
519 307 602 331 eum
631 294 666 330 ei
699 293 944 328 formando
973 290 1062 325 nihil
1094 291 1247 325 defuerit
1275 294 1316 335 1,
1344 294 1391 335 1,
1417 293 1474 327 10.
1516 291 1561 334 cs.

90 339 150 385 15„
183 348 241 383 25.
280 347 364 390 ille,
399 355 504 390 quem
524 341 814 382 instituebemus,
849 345 972 373 orator
1002 340 1066 380 12,
1094 338 1151 372 Pr.
1178 339 1211 371 3.
1254 336 1306 370 illi
1328 339 1564 382 praeceptori,

91 389 198 440 ijuem
235 391 462 427 instituebant
493 390 532 424 in
565 387 658 423 libro
692 385 851 420 secundo
887 387 952 428 10,
985 386 1030 426 2,
1061 385 1119 418 20.
1171 383 1232 418 ille
1263 383 1342 426 vir,
1378 395 1483 428 quem
1509 385 1566 418 in-

91 441 265 476 stituimus
290 441 347 481 12,
373 440 405 480 1,
428 437 485 471 28.
519 433 563 477 cs.
589 437 646 477 12,
668 435 703 476 2,
723 435 757 467 7.
773 431 842 484 ‘qui
861 430 1091 483 instituuntur
1118 432 1150 472 1-,
1175 434 1208 473 1,
1234 431 1291 464 25.
1321 429 1368 471 cs.
1393 432 1428 473 8,
1450 429 1511 464 Pr.
1529 431 1563 466 5.

91 499 127 522 υ.
141 488 335 520 Instruo.
381 483 424 528 β)
446 494 549 516 rem.-
576 478 802 514 instituendis
828 477 961 510 artibus
983 478 1020 519 2,
1042 477 1078 520 3,
1098 479 1133 510 1.
1156 481 1238 510 ante
1260 477 1413 520 palanun
1441 487 1565 511 eorum

91 540 200 578 quam
220 537 340 565 mores
362 527 460 573 (Sp.
486 525 548 570 os)
581 524 797 572 instituimus
828 526 867 564 1,
894 525 937 566 2,
959 525 983 556 7
1005 525 1049 556 Ζ.
1095 523 1184 558 haec
1209 521 1421 566 (rhetorice),
1459 535 1565 567 quam

89 578 275 613 institua-e
301 584 474 615 conamur
494 576 529 616 2,
555 574 614 615 20,
634 570 670 606 4.
700 579 819 604 sermo
845 568 1038 602 instituitur
1058 570 1095 611 2,
1119 567 1156 612 4,
1181 570 1238 604 15.
1284 567 1323 613 γ)
1347 569 1418 611 adj.
1446 571 1564 603 Aule..-

90 623 185 659 bene
205 621 385 657 institutus
406 622 444 663 2,
470 621 536 662 10,
566 620 596 652 1.
639 622 738 652 recte
761 614 909 649 instituti
933 617 969 657 2,
992 616 1028 657 2,
1050 615 1086 649 8.
1137 614 1191 649 sio
1215 613 1351 648 institui
1374 625 1504 658 pueros
1533 618 1566 658 1,

93 672 150 712 10,
174 670 229 704 18.
258 665 452 712 simplicius
472 663 668 699 instituenti
689 664 724 704 3,
748 664 805 703 11,
819 664 877 695 21.
924 656 962 703 δ)
986 659 1201 704 αάῘ.Αόιαι..·
1229 660 1356 706 quibus
1379 659 1566 695 instituen-

94 716 160 750 dus
182 713 385 749 situ-tibus
412 714 453 750 1.
476 713 520 754 3,
549 710 606 744 18.
649 708 832 744 robustum
855 705 1040 740 instituere
1066 705 1237 750 literis—1,
1261 709 1317 750 12,
1340 708 1375 743 9.
1411 710 1444 749 1,
1476 711 1505 750 t,
1531 709 1566 742 5.

31 774 36 778 ·
89 760 227 796 institui
252 761 333 805 lyra
358 761 400 801 1,
428 759 492 800 10,
517 757 572 790 13.
622 765 643 788 a
672 753 799 799 quibus
830 758 866 786 et
898 762 970 796 quo
1000 750 1149 795 quisque
1179 753 1288 787 modo
1317 752 1362 787 sit
1387 752 1565 787 institutus

91 808 129 850 5,
153 808 209 849 10,
231 807 290 841 25.
326 802 470 845 studiis,
501 801 628 846 quibus
649 811 740 845 puer
762 799 999 833 instituendus
1022 802 1077 830 est
1106 801 1145 842 1,
1174 801 1239 842 12,
1265 799 1319 833 19.
1371 798 1568 843 disciplinis

91 847 239 888 Graecis
259 850 497 886 instituendus
519 853 574 881 est
597 849 632 889 1,
658 849 692 889 1,
708 848 769 888 12,
794 844 856 890 qui
878 844 930 878 ad
952 843 1144 878 lectionem
1164 843 1393 879 instituentur
1415 849 1450 888 1,
1464 849 1499 889 7,
1513 848 1569 880 17.

90 908 198 944 quem
221 898 362 931 in‘hoe
385 893 601 929 instituimus
625 894 660 935 1,
683 894 742 935 11,
766 893 785 925 1
806 891 854 925 Ν.

46 942 273 986 Institutio.
316 952 347 995 Ι)
371 954 413 986 de
439 963 539 993 opere
561 949 769 982 instituendi.-
793 947 904 981 libros
931 947 976 980 de
999 946 1083 981 inst.
1107 945 1261 979 oratoria
1287 946 1351 990 Ep.
1368 948 1412 980 ad
1430 949 1569 992 Tryph.

96 1001 130 1035 1.
154 998 361 1032 difficultate
381 995 613 1031 institutionis
638 1000 709 1027 tam
732 1003 943 1027 numerosae
967 1003 1009 1027 ac
1030 993 1226 1036 perplexae
1246 993 1281 1035 8,
1304 993 1359 1026 Pr.
1383 996 1417 1027 2.
1448 994 1490 1027 ab
1513 994 1572 1027 in-

94 1044 278 1079 stitutione
300 1043 431 1089 puerili
453 1046 486 1085 1,
512 1045 546 1083 1,
564 1043 598 1078 9.
632 1039 830 1074 rhetorices
857 1038 1001 1081 inste,
1023 1042 1056 1081 1,
1081 1040 1114 1072 9.
1151 1037 1271 1072 brevis
1298 1044 1352 1083 est
1374 1039 1455 1072 inst.
1475 1040 1571 1074 vitae

94 1088 267 1125 honestae
286 1089 484 1133 beataeque
508 1090 563 1130 12,
588 1088 645 1126 11.
673 1088 728 1119 12.
774 1085 832 1119 De
853 1084 967 1129 prima
987 1083 1286 1128 pronuntiationis
1312 1091 1348 1118 et
1372 1091 1491 1131 gestus
1515 1085 1573 1119 in-

95 1133 307 1171 sn‘tutioness
327 1138 366 1178 1,
391 1133 476 1178 Cap.
499 1135 555 1168 11.
600 1130 654 1173 ll)
678 1133 722 1164 de
745 1132 846 1164 tibm:
877 1130 959 1164 inst.
982 1136 1103 1164 nostra
1124 1129 1161 1172 4,
1184 1130 1241 1163 Pr.
1266 1132 1297 1164 1.
1333 1131 1408 1164 Nos
1430 1131 1573 1166 institu-

95 1181 230 1216 tionem
252 1180 407 1225 professi>
427 1179 482 1222 11,
513 1177 547 1222 f,
571 1178 606 1213 5.
640 1176 845 1211 universam
871 1175 956 1213 inst.
979 1175 1139 1222 aggressi
1157 1186 1278 1209 sumus
1306 1176 1339 1219 5,
1363 1179 1399 1219 7,
1421 1177 1456 1211 6.

49 1225 306 1270 muln.
342 1236 404 1282 qni
426 1233 666 1280 potentiorem
680 1233 799 1267 facere
813 1232 969 1278 linguam
981 1231 1143 1266 Latinam
1164 1233 1370 1276 studebant,
1395 1243 1462 1267 nec
1487 1234 1576 1268 alie-

79 1283 156 1319 :nis
170 1287 280 1337 egere
306 1280 475 1324 institutis
497 1280 701 1314 fatebantur
727 1282 759 1322 1,
784 1279 819 1320 5,
841 1278 900 1313 60.
935 1275 1198 1312 informandam
1221 1289 1325 1320 quam
1353 1279 1494 1322 optimis
1518 1280 1576 1313 in-

63 1327 224 1365 ‘utitem
245 1334 402 1363 mentem
424 1325 614 1361 infantium
635 1328 653 1359 1
666 1351 678 1368 ,
703 1327 736 1367 1,
761 1324 818 1358 16.
851 1324 1003 1358 afferunt
1023 1325 1166 1358 laudem
1188 1324 1346 1358 instituta
1371 1325 1575 1361 auctoribus

93 1377 128 1418 3,
139 1377 174 1418 7,
189 1375 251 1418 18;
275 1377 314 1407 ἤι’
327 1375 456 1407 causis.-
480 1371 613 1414 rimari,
638 1381 729 1415 quae
751 1369 911 1404 instituta
935 1370 972 1414 (i.
985 1382 1014 1403 e.
1029 1383 1135 1403 mores
1152 1371 1366 1414 litigantium)
1397 1374 1452 1414 12,
1466 1373 1500 1415 8,
1515 1371 1572 1411 14.

47 1418 181 1465 Iusto.
218 1433 242 1465 i.
266 1443 298 1475 q.
323 1441 447 1471 urgeo.-
470 1429 509 1467 α)
532 1429 600 1461 hac
623 1427 760 1470 (pressa
783 1427 1067 1470 pronuntiatione)
1089 1426 1341 1470 instamus,
1370 1427 1574 1462 inculca-

93 1486 210 1520 mus,
237 1475 484 1522 infigimus
513 1477 576 1521 11,,
599 1475 641 1515 3,
667 1475 744 1507 111.
777 1485 811 1506 v.
835 1473 1042 1506 Inculco.
1090 1473 1225 1506 Instant
1250 1473 1344 1507 enim
1369 1476 1574 1515 (adversarii

93 1525 128 1562 in
151 1523 360 1565 mercado)
382 1521 418 1562 6,
441 1519 477 1562 4,
501 1522 557 1555 17.
584 1518 759 1563 pressit
780 1523 886 1562 atque
908 1517 1084 1552 institit
1113 1520 1244 1561 (Cicero
1260 1532 1295 1562 p.
1309 1519 1405 1563 Lig.)
1419 1519 1456 1562 4,
1471 1521 1574 1563 1,68.

76 1566 180 1605 'sunt
202 1567 360 1612 quidam,
384 1566 453 1600 nisi
472 1564 723 1604 institeris,
751 1564 944 1598 remissi
969 1567 1002 1607 1,
1017 1567 1052 1607 3,
1067 1564 1102 1599 6.
1136 1564 1338 1603 instandum
1365 1565 1575 1609 quibusdam

6 1625 13 1634 ’
54 1610 57 1614 ’
94 1614 135 1648 in
157 1613 335 1659 partibus,
367 1618 402 1646 et
424 1611 605 1646 densanda
628 1609 741 1645 oratio
767 1612 832 1653 11,
858 1612 900 1653 3,
925 1610 1003 1644 164.
1045 1620 1121 1644 non
1149 1610 1438 1646 sciscitandi
1465 1614 1577 1656 gratia

97 1658 286 1697 asstmlitur
308 1657 483 1702 (rogare),
521 1657 584 1690 sed
614 1655 824 1689 instandi
854 1657 899 1697 9,
928 1657 977 1698 2,
1008 1658 1042 1690 7.
1091 1654 1135 1697 cs.
1161 1658 1205 1689 ib.
1229 1657 1265 1691 9.
1300 1658 1399 1691 nullo
1422 1657 1576 1692 instante

12 1697 22 1709 ‘
50 1703 56 1711 ³
97 1707 223 1748 1,,12,
246 1705 292 1747 93
325 1715 408 1737 eum
432 1702 463 1736 is
484 1703 589 1746 plane
610 1701 759 1735 instaret
779 1701 1059 1747 interrogatione
1086 1702 1126 1744 6,
1153 1703 1194 1745 3,
1217 1703 1273 1737 38.
1333 1703 1379 1745 fil
1413 1716 1441 1736 c.
1467 1707 1574 1737 Dat..-

97 1749 179 1784 oum
195 1748 348 1791 >instaret
372 1747 565 1782 identidem
587 1752 773 1781 accusator
796 1745 853 1789 ei,
886 1747 958 1780 Dic
982 1754 1042 1780 etc.
1067 1747 1110 1790 6,
1134 1749 1180 1790 3,
1204 1748 1262 1782 86.
1300 1747 1427 1781 insta
1441 1750 1577 1782 ndum

96 1793 231 1828 teneris
250 1793 413 1837 protinus
436 1794 587 1836 acerbe,
628 1792 980 1839 exigendamque
1010 1793 1155 1836 plenam
1186 1803 1333 1837 operam
1368 1797 1406 1835 1,
1439 1797 1483 1838 1,
1507 1797 1575 1836 203

97 1836 244 1872 nimium
266 1838 400 1879 instare
424 1837 695 1884 interrogationi
718 1840 753 1880 5,
770 1841 807 1880 7,
827 1838 884 1872 16.
907 1843 1079 1882 patronus
1102 1838 1247 1872 instabit
1270 1840 1353 1872 huic
1381 1841 1462 1873 loco
1485 1843 1520 1882 7,
1541 1843 1578 1882 2,

100 1882 158 1918 36.
181 1881 347 1926 (Celsus)
368 1883 475 1916 instat
499 1883 583 1916 huic
607 1883 700 1926 parti
722 1878 996 1927 vehementius,
1021 1889 1060 1916 ut
1080 1890 1179 1927 putet
1203 1892 1263 1918 etc.
1290 1887 1325 1927 7,
1355 1887 1387 1924 1,
1413 1887 1468 1918 10.
1503 1885 1578 1918 in-

101 1934 228 1963 stare
255 1927 543 1971 proficientibus,
573 1933 610 1962 et
632 1928 675 1960 ab
697 1927 762 1969 iis,
799 1939 890 1972 quae
917 1939 991 1962 non
1016 1930 1204 1972 adjuvant,
1239 1941 1343 1974 quam
1370 1930 1578 1964 mollissime

99 1975 254 2020 pedem
275 1973 453 2007 referre
475 1972 511 2014 6,
529 1969 562 2007 4;
577 1975 633 2008 19.
666 1972 875 2007 firmissimis
897 1980 1184 2020 argumentorum
1206 1975 1353 2021 singulis
1376 1975 1579 2010 instandum

100 2024 157 2055 est
180 2019 215 2062 5,
240 2021 296 2060 12,
317 2016 353 2051 4.
378 2016 423 2058 cf.
450 2019 506 2058 12,
532 2018 588 2058 10,
612 2017 667 2050 56.
698 2017 825 2060 quibus
846 2019 1001 2053 maxime
1023 2019 1130 2053 rebus
1154 2021 1216 2054 vel
1240 2023 1578 2056 occurrendum

47 2076 50 2077 ⁷
101 2065 159 2108 sit,
186 2065 247 2098 vel
271 2062 541 2096 instandum
568 2063 609 2103 5,
634 2063 699 2104 13,
725 2064 781 2096 52.
827 2062 867 2107 γ)
897 2066 1043 2097 Partim:
1086 2065 1259 2098 densus
1287 2071 1322 2099 et
1348 2066 1517 2102 brevis
1543 2074 1580 2102 et

102 2118 243 2154 semper
265 2108 451 2142 instans
474 2106 542 2140 sibi
569 2106 818 2151 (Thucydides)
853 2110 914 2150 10,
941 2111 980 2150 1,
1001 2110 1060 2143 73.
1102 2120 1135 2143 v.
1158 2111 1329 2144 Fando.
1374 2122 1482 2146 acer
1506 2119 1577 2158 atq.

102 2156 278 2190 instans
301 2152 443 2196 (gestus)
468 2155 523 2194 11,
551 2154 586 2194 3,
609 2153 665 2187 92.
690 2152 759 2194 93;
794 2154 1120 2197 praeteritum,
1148 2155 1353 2199 instans,
1381 2157 1580 2193 futurum

103 2201 168 2245 (sc.
192 2199 385 2243 tempus)
410 2199 445 2241 5,
473 2201 529 2241 10,
555 2197 622 2239 42;
658 2197 915 2251 argumentatio
937 2200 1147 2244 plerumque
1171 2201 1346 2247 agilior
1368 2208 1403 2237 et
1427 2204 1580 2240 acrior

105 2253 141 2282 et
166 2245 424 2280 instantior
449 2246 504 2286 11,
529 2245 563 2286 3,
588 2241 667 2277 164.
701 2243 889 2278 instantior
911 2250 1030 2291 gestus
1053 2248 1097 2279 ib.
1121 2247 1179 2281 93.
1204 2259 1237 2281 v.
1262 2247 1396 2282 Acer.

52 2293 403 2336 Instrumentum.
460 2300 500 2343 1)
533 2310 583 2333 ex
610 2298 841 2334 instrumento
872 2300 1022 2335 heroum
1052 2301 1196 2336 illorum
1230 2303 1436 2350 magnitudo
1473 2305 1581 2341 aesti-

105 2349 231 2382 manda
255 2348 289 2389 8,
313 2346 348 2388 4,
369 2344 427 2382 24.
453 2344 637 2387 naturalia,
662 2356 751 2389 quae
775 2357 860 2379 cura
882 2347 1061 2391 juvantur,
1082 2347 1185 2382 instr-
1210 2359 1325 2393 vox,
1346 2352 1486 2394 latus,
1511 2355 1582 2387 de-

108 2392 188 2428 cotr
211 2396 268 2434 12,
293 2392 327 2434 5,
351 2393 395 2434 53
434 2392 707 2425 Instrumentum
730 2402 840 2435 voco,
864 2392 941 2427 sine
965 2403 1037 2437 quo
1059 2393 1207 2428 formari
1227 2397 1387 2439 materia,
1414 2404 1451 2432 et
1472 2398 1510 2432 in
1531 2399 1581 2440 id,

107 2439 204 2483 quod
237 2437 390 2472 velimus
422 2436 516 2471 effici
546 2447 656 2480 opus,
698 2447 772 2471 non
803 2437 939 2482 possin
990 2439 1125 2473 Verum
1152 2441 1222 2474 hoc
1257 2452 1324 2490 ego
1362 2452 1436 2476 non
1471 2450 1582 2478 artem

107 2485 217 2518 credo
240 2493 367 2524 essere,
398 2483 460 2516 sed
488 2482 667 2516 artificem.
699 2485 746 2526 2,
767 2485 832 2526 21,
856 2482 914 2518 24.
946 2495 979 2518 υ.
1010 2484 1194 2528 Opifex.
1241 2486 1474 2523 instrumenta
1507 2501 1581 2523 non

0 2559 26 2579 .·
106 2530 190 2563 artis
213 2511 407 2580 sed-ipsius
430 2527 581 2580 oratoris
608 2529 724 2580 12,.5,
750 2531 782 2562 1.
815 2528 915 2564 instr.
939 2529 1080 2564 dicendi
1109 2534 1173 2576 12,
1198 2534 1263 2577 11,
1289 2533 1346 2568 24.
1382 2535 1582 2578 perniciosa

0 2580 5 2609 ,ἰ
104 2581 366 2609 nocentlssums
381 2574 537 2607 moribus
564 2574 648 2606 dare
670 2580 903 2609 instrumenta
924 2577 959 2617 2,
984 2576 1040 2619 15,
1064 2578 1120 2610 32.
1168 2578 1269 2624 Quae
1295 2579 1366 2613 sint
1391 2580 1476 2614 artis
1499 2592 1583 2615 ora-

0 2612 11 2641 *
104 2621 219 2655 toriae
241 2618 496 2659 iustrumenta?
528 2622 585 2661 12,
613 2618 696 2664 Cap.
722 2621 755 2654 5.
803 2619 855 2663 ΙΙ)
879 2623 911 2653 in
937 2624 1065 2655 causis.-
1095 2621 1131 2665 4,
1156 2626 1191 2666 2,
1216 2626 1260 2660 55
1285 2626 1332 2658 N.
1361 2625 1405 2667 cs.
1430 2628 1464 2668 3,
1478 2626 1511 2669 5,
1527 2630 1583 2660 17.

77 2700 82 2710 ,
105 2669 142 2709 7,
167 2669 202 2707 2,
223 2666 280 2700 25.
314 2671 352 2698 ut
375 2665 646 2698 instrumentum
669 2672 731 2699 etc.
755 2676 876 2699 rerum
899 2665 968 2699 sint
991 2667 1186 2702 accidentia
1210 2671 1248 2713 5,
1277 2673 1338 2713 10,
1363 2674 1422 2705 23.
1455 2672 1586 2705 instru-

86 2716 223 2744 ·menta
246 2721 374 2744 causae
397 2711 442 2753 5,
466 2711 512 2752 6,
538 2713 571 2744 2.
610 2711 837 2755 conjecturae
865 2717 900 2746 et
924 2713 1100 2756 ‹ptalitatis
1120 2714 1219 2749 instr.
1243 2719 1283 2759 3,
1313 2718 1335 2751 6
1350 2743 1359 2759 ‚
1386 2717 1442 2751 25.
1480 2727 1587 2750 omne

105 2755 175 2790 mis
201 2756 300 2791 instr.
325 2760 382 2799 12,
402 2758 444 2800 8,
471 2759 526 2790 12.
570 2755 793 2801 qualitatem,
825 2768 916 2802 quae
940 2758 1084 2794 alterius
1107 2766 1216 2794 status
1241 2762 1511 2797 instrumentum
1534 2769 1587 2797 est

1131 2826 1219 2862 28*
