1728 3002
622 171 753 228 Spica
783 198 834 205 —
864 171 1046 230 Spiritus
1522 178 1603 219 853

95 310 98 315 .
119 290 214 324 150..-
233 286 343 325 venia
368 288 432 332 et)
457 295 540 332 opes
571 291 627 322 est
653 287 719 329 12,
741 287 789 330 6,
815 286 838 321 a
863 286 910 320 N.
939 297 989 322 cr.
1020 291 1061 321 ut
1091 275 1298 323 misenum
1328 299 1411 334 spes
1437 299 1512 324 nou
1545 290 1604 334 sit,

101 345 248 388 ‘magua
273 339 394 369 tamen
414 332 654 378 subsequendi
675 331 828 378 dignitas
851 330 908 375 12,
937 335 994 376 11,
1015 334 1075 368 28.
1101 333 1147 375 cf.
1175 336 1209 378 1,
1231 337 1268 378 2,
1291 335 1359 378 26;
1394 346 1465 370 una
1487 336 1604 379 Onin-

120 380 236 415 tiliam
265 378 338 414 mei
367 390 432 425 spe
463 378 603 414 nitebar
623 379 667 422 6,
691 379 752 412 Pr.
778 379 815 413 9.
853 388 936 422 spec
961 377 999 412 in
1032 379 1192 413 futurum
1224 379 1436 416 innocenter
1461 382 1605 424 victuri,

121 431 158 461 et
178 426 218 460 in
245 425 364 470 atiquo
389 436 459 460 usu
477 425 590 461 futuxi
610 427 656 469 7,
678 423 727 467 4,
754 425 808 459 18.
832 422 870 458 in
893 435 963 469 qua
985 423 1163 469 (materia)
1186 427 1231 460 ad
1254 437 1355 471 spem
1378 428 1530 462 oratoris
1555 428 1606 462 si-

118 482 200 507 mus
225 470 381 520 aggressi
401 475 446 514 2,
468 472 511 514 8,
535 473 582 505 12
598 471 645 505 N.
671 469 718 512 cs.
743 472 783 512 1,
809 473 853 514 1,
876 471 912 504 3.
976 469 1018 515 γ)
1037 484 1102 516 per
1125 475 1238 506 varios
1265 476 1394 508 Canus.-
1427 475 1491 509 sed
1514 475 1606 509 haec

120 528 224 562 opes
250 519 383 552 adhuc:
406 517 469 552 iun
492 517 670 560 maiora
694 516 738 559 6,
760 516 820 549 Pr.
841 517 899 550 11.
938 516 1034 562 Quid
1059 517 1167 564 igitur
1190 529 1238 552 ex
1265 518 1412 554 libidine
1434 531 1478 554 ac
1498 521 1606 555 luxu-

87 572 98 577 *
119 563 177 598 riu
200 564 300 608 spei?
331 566 387 607 12,
413 566 445 607 1,
467 563 504 601 8.
527 573 609 607 spes
632 563 670 596 in
696 563 812 596 arduo
839 567 896 596 est
917 563 1031 606 1,·10,
1051 565 1087 599 8.
1111 569 1148 598 et
1172 561 1401 599 voluntatem*
1414 577 1495 610 spes
1518 566 1605 601 facit

122 609 157 651 5,
183 611 240 653 10,
267 612 324 645 50.
349 609 389 643 in
411 608 530 653 pueris
552 610 668 643 elucet
695 619 777 652 spes
799 607 1050 652 plurimorum,
1075 621 1167 654 quae
1190 621 1269 644 cum
1294 617 1408 664 aetate
1434 612 1606 647 emoritur

122 657 160 698 1,
181 658 217 699 1,
242 658 286 699 23
314 655 377 690 ille
399 654 483 690 huic
511 654 588 699 spei
611 654 804 689 destinatus
833 656 850 687 1
866 680 878 698 ,
903 656 921 687 1
936 679 949 696 ,
972 657 1007 689 7.
1030 665 1147 689 acrem
1172 667 1277 700 quam
1300 669 1459 692 maxime
1484 669 1604 692 curam

76 712 78 714 ·
97 725 102 729 ³
121 701 199 750 spei
224 701 335 736 futuri
358 701 511 735 oratoris
533 700 711 745 impendat
738 703 779 734 ib.
805 702 851 743 33
882 711 994 743 spem,
1006 701 1051 735 de
1074 701 1138 736 illo
1161 714 1267 746 quam
1293 703 1465 756 opt-imam
1488 704 1605 748 capiat

121 747 168 792 1,
186 750 222 792 1,
245 751 280 782 1.
303 758 395 792 quae
418 753 533 781 tantas
554 757 636 791 spes
661 747 831 790 decerpat
857 747 892 788 6,
916 746 974 780 Pr.
999 749 1054 781 10.
1078 748 1262 782 minimum
1284 759 1361 793 spei
1384 749 1471 784 mihi
1494 751 1609 785 dede-

118 790 167 827 rit
188 796 224 836 2,
248 791 284 837 4,
306 795 342 835 7.
369 791 414 834 cs.
442 795 476 837 1,
499 795 534 834 3,
558 795 592 827 2.
616 804 721 838 quam
745 803 844 836 spem
869 798 1056 827 accusator
1078 794 1205 828 habeat
1227 795 1263 838 6,
1289 797 1323 838 1,
1346 797 1388 838 3.,
1413 795 1462 837 cs.
1488 799 1544 840 12,
1570 799 1603 839 1,

120 841 177 875 13.
205 837 272 875 vix
294 849 335 873 se
357 837 470 883 prima
493 840 667 874 elementa
691 839 736 872 ad
758 849 857 882 spem
882 839 1008 872 tollere
1033 839 1276 887 effingendae,
1300 853 1406 887 quain
1431 853 1604 876 summam

117 890 267 931 putant,
293 884 519 929 eloquentiae
539 887 579 927 1,
598 887 634 928 2,
658 884 715 919 26.
741 895 813 928 quo
837 883 989 918 animo
1012 884 1195 928 (dederit),
1219 885 1257 920 id
1281 892 1348 931 est,
1371 898 1457 921 num
1478 887 1519 922 in
1539 888 1604 922 ali-

119 942 227 976 quam
250 941 478 974 spemxsuam
500 933 541 973 7,
568 928 611 974 4,
636 932 695 964 23.
726 929 771 971 qs.
795 932 858 973 10,
881 933 929 974 7,
961 931 1018 966 19.
1048 942 1156 976 supra
1186 943 1286 976 spem
1309 934 1352 976 3,
1375 935 1418 977 7,
1444 934 1510 977 16;
1542 933 1603 977 [te

118 976 279 1012 omnium
311 986 375 1019 cpe
408 977 544 1018 (Codd.
571 975 682 1020 spes)
707 974 848 1010 Atticae
881 977 1108 1020 eloquentiae
1133 978 1358 1012 candidatum
1382 979 1423 1023 6,
1445 980 1503 1014 Pr.
1531 978 1602 1024 13]

117 1034 184 1067 spe
217 1020 435 1067 distringitur
460 1020 591 1064 (mens)
619 1024 684 1063 12,
713 1023 750 1061 1,
774 1025 796 1055 7
824 1022 862 1055 'v.
888 1021 1023 1056 Cura.
1056 1028 1096 1056 ut
1130 1034 1206 1057 non
1235 1025 1400 1059 fallamus
1423 1036 1516 1061 vana
1540 1037 1604 1070 spe
1648 1060 1652 1065 ,

117 1069 317 1115 litigantem
345 1070 411 1111 12,
431 1070 467 1109 7,
493 1070 528 1102 7.
551 1078 647 1103 vana
671 1077 735 1110 spe
760 1068 900 1101 exultet
921 1068 966 1109 6,
990 1067 1034 1111 4,
1058 1071 1114 1104 17.
1139 1068 1186 1112 cs.
1210 1082 1316 1115 supra
1338 1072 1378 1116 β.

10 1149 15 1151 ·
73 1125 215 1181 Spica.
256 1135 412 1170 imitatae
435 1133 549 1181 spicas
572 1135 743 1169 herbulae
768 1138 803 1178 1,
826 1135 863 1179 3,
887 1134 923 1171 5.
1196 1180 1200 1181 ⁷

0 1211 14 1221 ἡ
74 1190 307 1249 Spiculum.
343 1213 397 1246 sp.
423 1200 462 1235 in
485 1212 638 1246 corpore
662 1201 849 1238 inventum
873 1203 907 1246 5,
932 1204 989 1247 10,
1013 1202 1071 1239 51.
1095 1203 1141 1246 qs.
1165 1206 1210 1248 5,
1234 1207 1299 1251 12,
1324 1208 1360 1242 2.
1383 1217 1438 1252 sp.
1461 1206 1605 1259 (signum

118 1248 331 1294 memoriae),
347 1248 379 1282 si
398 1249 448 1282 ‘de
471 1248 611 1293 proelio
634 1248 823 1283 dicendum
847 1255 942 1284 esset
965 1253 1022 1293 11,
1046 1252 1165 1294 2,,29.

75 1305 235 1362 8Ρίή8-’
255 1317 383 1351 humus
408 1314 520 1360 spinis
543 1323 713 1361 cooperta
735 1316 886 1362 piscium
909 1318 945 1363 8,
971 1319 1010 1363 3,
1031 1318 1090 1354 66.
1112 1317 1236 1364 spinae
1257 1322 1351 1357 male
1371 1320 1426 1357 illi
1447 1321 1493 1357 sit
1514 1321 1603 1367 (Sp.

115 1361 232 1407 illisit)
255 1362 309 1408 (in
330 1365 436 1407 epigr.
464 1364 506 1398 V
509 1365 522 1395 ἱ
529 1366 607 1406 rg.)
633 1364 669 1407 8,
692 1365 727 1407 3,
748 1365 795 1398 28
808 1365 858 1398 N.

74 1418 278 1475 Spiritus-⁷
294 1425 352 1474 '1)
373 1433 521 1474 proprie.
554 1429 598 1474 α)
621 1427 858 1466 circumfusus
882 1430 986 1466 nobis
1009 1443 1063 1477 sp.
1087 1434 1224 1478 12,”11,
1251 1436 1315 1477 13;
1340 1440 1440 1468 tumn
1463 1435 1605 1482 fugien-

119 1482 194 1510 tem
218 1487 273 1521 sp.
297 1477 339 1519 6,
361 1478 419 1510 Pr.
443 1479 498 1511 12.
535 1477 655 1511 Deum
678 1488 760 1512 esse
783 1490 837 1522 sp,
862 1478 1026 1512 omnibus
1049 1479 1207 1522 partibus
1230 1479 1427 1514 immixtum
1452 1485 1486 1523 7,
1514 1484 1550 1524 3,
1572 1483 1606 1517 5.

120 1522 163 1566 β)
186 1523 274 1567 quod
293 1524 450 1564 spirando
474 1523 626 1556 trahitur.
666 1522 703 1566 a)
725 1537 754 1557 c.
777 1525 856 1565 Adj.
886 1535 942 1566 sp.
966 1535 1033 1557 nec
1058 1525 1197 1568 brevis,
1222 1538 1290 1570 nec
1313 1539 1437 1570 parum
1461 1527 1605 1561 durabi-

121 1566 188 1608 lis,
214 1577 284 1600 nec
305 1567 344 1600 in
371 1573 518 1610 receptu
544 1567 698 1601 difficilis
723 1571 788 1611 11,
813 1571 856 1611 3,
884 1571 942 1603 32.
965 1569 1167 1615 graviorem
1190 1582 1243 1614 sp.
1272 1574 1313 1613 1,
1338 1575 1404 1614 11,
1425 1576 1462 1606 7.
1492 1578 1546 1607 est
1571 1579 1606 1608 et

122 1612 252 1658 longus
274 1617 311 1645 et
331 1612 457 1653 plenus
480 1617 516 1645 et
537 1613 622 1645 satis
648 1614 762 1646 clarus
786 1625 863 1657 sp.‚
886 1624 960 1647 non
986 1621 1106 1648 tamen
1126 1615 1247 1650 firmae
1270 1616 1478 1651 intentionis
1502 1618 1606 1653 ideo-
1663 1644 1666 1646 -

126 1667 196 1700 que
218 1658 388 1690 tremulus
415 1659 480 1700 11,
504 1659 549 1699 3,
576 1659 632 1692 55.
660 1657 704 1699 cs.
730 1659 788 1693 63.
815 1671 850 1692 v.
874 1660 1071 1704 Longus.
1102 1672 1157 1704 sp.
1181 1673 1261 1695 cum
1284 1662 1398 1706 spatio
1426 1665 1606 1708 pertinax,

123 1708 200 1736 tum
227 1702 342 1736 labori
372 1713 447 1736 non
482 1702 587 1736 facile
615 1714 779 1737 cessurus
807 1707 848 1737 11
863 1731 875 1747 ,
899 1706 941 1748 3,
967 1705 1025 1739 40.
1051 1711 1241 1742 ructuosos
1266 1720 1319 1752 sp.
1347 1712 1463 1744 Coel.
1495 1709 1540 1754 4,
1571 1714 1607 1754 2,

126 1750 206 1781 123.
253 1747 289 1791 b)
312 1761 373 1791 per
395 1751 506 1782 varios
532 1751 655 1782 Casus.-
682 1751 775 1783 ulna
799 1762 905 1794 quam
926 1753 1019 1785 ullus
1043 1763 1096 1794 sp.
1122 1753 1250 1787 durare
1273 1752 1387 1797 possit
1411 1756 1457 1798 8,
1477 1758 1519 1798 2,
1549 1759 1607 1792 17.

126 1793 159 1827 si
180 1794 315 1827 calor
339 1805 381 1827 ac
406 1805 467 1837 sp.
499 1793 580 1827 tulit
605 1797 668 1837 10,
695 1798 738 1837 7,
763 1797 825 1838 133
872 1798 1006 1831 Genu„-
1032 1808 1103 1840 quo
1127 1800 1206 1841 plus
1229 1801 1395 1844 quodque
1417 1799 1607 1846 (verbum)

125 1838 267 1883 spiritus
290 1840 419 1881 habet,
444 1839 564 1873 auditu
586 1840 767 1883 pulchrius
789 1842 834 1884 8,
857 1844 902 1884 3,
929 1844 984 1878 16.
1008 1841 1104 1876 illam
1128 1844 1408 1888 distinctionem,
1436 1850 1608 1890 Litora,

126 1884 287 1928 protinus
313 1885 425 1918 altero
456 1896 509 1928 sp.
532 1885 635 1919 initio
662 1885 829 1930 insequar
853 1890 894 1921 11
909 1910 920 1926 ,
942 1890 983 1930 3,
1008 1890 1066 1923 38.
1090 1901 1162 1923 una
1188 1892 1316 1934 quaed.
1342 1904 1405 1935 sp.
1429 1903 1471 1926 ac
1502 1894 1608 1927 soni

119 1928 276 1963 ‘intentio
304 1932 344 1963 11
359 1955 371 1972 ,
392 1932 436 1972 3,
459 1931 519 1965 45.
550 1943 584 1965 υ.
611 1932 805 1967 Sensus.
829 1933 972 1978 spiritus
995 1940 1148 1970 meatum
1170 1939 1215 1979 7,
1240 1940 1306 1980 10,
1330 1940 1386 1972 10.
1418 1937 1529 1981 ipsius
1555 1950 1606 1983 sp.

129 1976 237 2009 modo
257 1976 300 2017 9,
327 1974 379 2017 4,
396 1977 485 2019 1253
525 1981 675 2012 Λυσιας..-
707 1979 836 2022 tibiae,
871 1980 953 2013 eod.
983 1979 1110 2023 spiritu
1135 1988 1304 2026 accepto,
1335 1983 1443 2017 alium
1466 1985 1609 2028 clausis,

128 2021 238 2054 alium
260 2021 390 2064 apertis
412 2022 645 2057 foraminibus
666 2043 714 2050 -—
738 2035 866 2058 sonum
888 2026 1042 2060 reddunt
1069 2030 1110 2060 11
1123 2053 1133 2069 ‚
1158 2030 1202 2071 3,
1226 2031 1283 2062 20.
1311 2041 1364 2073 sp.
1390 2040 1459 2063 nec
1481 2032 1609 2066 crebro

130 2072 294 2110 receptus
324 2067 487 2110 concidat
519 2068 747 2103 sententiam:
779 2082 848 2104 nec
874 2082 918 2105 eo
946 2083 1060 2115 usque
1089 2075 1272 2116 trahatur,
1306 2075 1424 2110 donec
1458 2076 1608 2110 deficiat.

133 2114 223 2146 Nam
255 2118 291 2145 et
325 2111 496 2146 deformis
523 2120 579 2148 est
607 2115 783 2149 consumti
813 2116 909 2150 illius
945 2128 1054 2151 sonus
1078 2126 1141 2151 etc.
1168 2122 1233 2163 11,
1256 2121 1301 2162 3,
1324 2122 1379 2154 53.
1409 2121 1610 2167 longiorem

131 2157 276 2191 dicun-is
309 2157 494 2201 periodum
527 2160 747 2207 colligendus
772 2167 840 2196 *est
876 2174 929 2206 sp.
966 2166 1012 2196 ib.
1041 2165 1213 2203 maiorem
1245 2171 1383 2208 partem
1405 2167 1550 2210 spiritus
1574 2168 1612 2203 in

131 2204 311 2247 loquendo
334 2215 400 2247 per
419 2215 523 2239 nares
548 2206 727 2240 effundere
744 2209 788 2242 ib.
804 2209 860 2243 56.
876 2209 1019 2243 finditur
1045 2215 1082 2242 et
1105 2220 1158 2253 sp.
1181 2211 1325 2253 objectu
1347 2211 1467 2256 aliquo
1491 2216 1534 2247 ib.
1552 2217 1611 2249 21.

132 2253 236 2293 pulso
267 2250 383 2282 subito
417 2262 470 2294 sp.
496 2253 539 2285 ib.
561 2253 619 2286 80.
644 2252 805 2296 spiritum
830 2254 992 2298 recipere
1023 2255 1101 2288 sine
1124 2256 1310 2290 intellectu
1331 2268 1455 2292 morae
1483 2262 1550 2302 11,
1575 2261 1612 2304 3,

133 2298 190 2329 39.
223 2294 253 2328 si
275 2294 401 2328 inscite
429 2296 620 2340 recipiatur
642 2298 727 2342 (sp.)
749 2301 792 2333 ib.
815 2298 861 2340 cs.
889 2303 968 2335 110.
998 2313 1030 2334 v.
1055 2301 1275 2346 Recipio.
1303 2302 1487 2348 tibiarum,
1520 2317 1612 2349 quae

135 2341 337 2387 graviorem
369 2352 423 2384 sp.
449 2343 601 2377 reddunt
625 2347 664 2387 1,
689 2347 751 2387 11,
778 2348 814 2379 7.
844 2344 939 2380 inter
966 2347 1148 2389 juncturas
1183 2348 1356 2382 sermonis
1385 2351 1614 2386 revocabitur

93 2424 99 2429 ἱ
134 2385 219 2428 (sp.)
245 2388 311 2429 11,
339 2388 382 2429 3,
406 2387 461 2421 53.
486 2388 645 2432 spiritum
666 2395 852 2434 rumpente
878 2392 934 2432 (S
940 2404 977 2434 p.
1005 2393 1106 2427 velut
1129 2393 1255 2436 spiritu
1278 2397 1506 2438 erumpente)
1527 2408 1611 2441 pro-

138 2431 231 2464 tinus
263 2431 504 2477 indignatione
533 2433 577 2478 4,
600 2438 647 2478 3,
676 2436 697 2470 5
717 2440 760 2469 Z.
791 2438 1008 2480 suspendere
1032 2437 1193 2481 spiritum
1219 2442 1260 2482 1,
1285 2441 1331 2482 8,
1360 2443 1393 2475 1.
1420 2453 1475 2486 sp.
1506 2443 1613 2477 susti-

138 2482 262 2510 nentes
279 2479 322 2520 9,
344 2477 391 2519 4,
414 2478 479 2520 683
518 2482 633 2513 Ablat.
649 2494 659 2513 .-
683 2482 784 2516 velut
806 2492 979 2526 corpus
1002 2494 1061 2527 sp.
1086 2485 1241 2531 agitante
1264 2491 1362 2520 caret
1379 2487 1421 2530 9,
1443 2491 1485 2531 2,
1507 2487 1543 2521 4.
1577 2502 1612 2523 v.

135 2523 322 2557 Pondus.
345 2523 495 2567 excitat,
519 2525 577 2569 qui
602 2525 686 2560 dicit
708 2537 771 2570 sp.
797 2526 901 2572 ipso
928 2531 977 2571 (i.
1001 2541 1031 2562 e.
1055 2532 1158 2565 vivia
1179 2533 1315 2573 voce)
1344 2534 1407 2576 10,
1430 2536 1471 2576 1,
1496 2535 1539 2571 16
1562 2539 1611 2568 ΙΙ.

137 2567 192 2610 11)
219 2573 335 2602 transl.
370 2569 420 2611 α)
443 2580 516 2604 non
544 2571 637 2604 idem
672 2572 854 2606 inentis
886 2585 928 2608 ac
950 2573 1160 2618 spiritus
1185 2575 1223 2609 in
1247 2575 1398 2612 dicendo
1424 2580 1613 2623 concipere

116 2648 117 2656 ¹
136 2614 285 2660 singulis
316 2619 451 2648 tantum
481 2617 725 2660 praesentibus
749 2620 767 2651 1
782 2643 794 2661 ‚
816 2622 859 2662 2,
888 2621 946 2655 29.
977 2631 1026 2654 ex
1047 2621 1287 2668 magnitudine
1309 2621 1427 2658 rei-um
1453 2625 1615 2670 spiritum

138 2661 241 2693 ducat
267 2663 309 2703 1,
335 2661 379 2703 8,
404 2663 437 2695 5.
472 2674 507 2695 v.
532 2662 832 2699 Sublimitase
857 2664 932 2708 (vis
957 2667 1103 2711 ingenii)
1123 2667 1234 2714 magis
1257 2669 1433 2704 concitata
1460 2677 1494 2705 et
1519 2670 1614 2715 [alti]

141 2705 282 2749 spiritus
307 2707 410 2750 plena
440 2709 501 2750 10,
529 2711 572 2751 1,
597 2707 644 2742 4-1-
677 2721 710 2743 v.
741 2709 894 2744 Altus.
927 2711 1072 2755 spiritus
1100 2714 1359 2759 magnificentia
1395 2719 1456 2754 10,
1483 2720 1520 2760 1,
1547 2719 1612 2759 61ς

140 2756 235 2786 totus
261 2751 376 2786 inanis
400 2759 453 2787 est
478 2754 591 2798 labor,
616 2754 684 2789 nisi
707 2762 845 2791 ceterae
869 2768 1012 2802 quoque
1026 2764 1144 2803 partes
1160 2762 1231 2794 hoc
1253 2762 1351 2796 velut
1371 2763 1503 2807 ¹spiritu
1525 2762 1566 2806 (ί.
1585 2777 1615 2796 c.
