1728 3002
511 137 771 198 Simplicitas
795 142 853 187 -'-e
880 136 1104 182 Simulatio
1474 140 1559 181 841

95 255 248 302 simpl.
267 254 564 301 wat-on
618 258 923 300 reaper-'stan
945 252 1143 289 orationem
1167 251 1215 295 9,
1237 253 1278 296 2,
1301 250 1360 288 ⁵⁹.
1384 249 1430 293 2:12
1455 249 1501 294 4,
1530 252 1565 294 1,

92 303 153 338 60.
176 311 256 337 esse
281 312 363 336 eam
382 298 753 346 (paru.)·n'qusndo
772 299 950 345 simpl„
977 298 1169 344 aliquando
1198 297 1386 333 ratione
1418 297 1570 341 subje-

55 353 169 383 «eta
189 348 234 392 8,
256 346 303 391 5,
322 345 361 382 4.
393 358 429 381 υ.
449 347 648 392 nuptu.
680 358 710 382 s.
738 345 981 392 probationem
1010 346 1052 389 5,
1084 347 1151 388 13,
1174 344 1231 379 55.
1267 349 1303 378 et
1338 342 1499 380 divisa
1532 348 1569 375 ot

96 394 250 439 simpl.
271 391 469 438 propositio
489 390 541 437 4,
563 394 606 437 5,
627 393 685 428 26.
709 404 739 426 3.
762 390 939 437 (quaestio)
971 403 1046 435 opp.
1073 401 1165 435 quae
1194 391 1348 424 refertur
1370 390 1412 423 sd
1435 388 1570 434 aliquid

96 440 132 481 3,
157 440 191 481 5,
213 439 251 474 8.
276 437 322 480 efi
346 439 383 483 6,
409 437 446 481 4,
467 441 510 472 21
531 439 580 474 N.
603 450 634 473 s.
657 439 796 473 ratione
818 438 861 480 9,
884 441 925 480 1,
947 438 972 472 3
992 449 1028 471 υ.
1047 438 1236 472 Rectus.
1268 446 1299 470 s.
1325 445 1444 470 senno
1465 434 1510 477 4,
1534 439 1570 477 1,

96 483 154 521 54.
177 483 366 519 simulacra
386 483 528 520 interim
558 483 794 529 simplicia
814 483 955 518 interim
978 489 1014 517 et
1038 482 1183 516 mixta
1205 484 1248 524 3,
1270 482 1316 524 6,
1337 482 1399 516 88.
1426 492 1449 515 a
1470 481 1572 516 vul-

95 529 197 577 gari
218 535 256 565 et
278 528 505 574 simplici.
596 531 629 565 ‘e
650 531 692 573 9,
717 534 757 573 1,
781 532 837 564 11.
870 539 997 563 sonum
1021 540 1052 562 s.
1075 532 1140 571 11,
1163 529 1209 570 3,
1233 527 1310 561 162.
1334 527 1454 561 theses
1481 537 1511 560 s.
1535 529 1572 569 7,

50 593 53 595 -
96 577 155 617 10,
178 575 212 611 5.
237 586 269 611 3.
287 574 504 619 11ιίῐί13ῐί32,
581 579 640 611 20.
661 586 690 610 s.
715 573 917 619 (verborum)
940 575 978 618 8,
1001 576 1037 618 3,
1062 577 1117 609 17.
1145 575 1284 618 plenu
1309 579 1345 607 et
1367 572 1572 616 simplex

95 620 175 656 fluit
197 618 295 666 (vox)
318 624 375 664 11,
397 623 435 664 3,
455 621 513 656 63.
535 620 581 664 ιζί.
610 625 645 664 1,
670 623 713 664 5,
737 622 795 656 65.
841 620 901 664 11)
927 623 1136 664 Compara.-
1168 618 1382 662 simpliciora
1405 617 1573 652 militares

96 667 226 701 decent
248 670 305 710 11,
329 669 364 710 1,
389 669 435 702 33
458 667 505 701 Ν.
538 665 583 710 d.
607 670 672 711 11,
694 670 738 709 2,
760 667 829 709 263
863 678 894 701 s.
916 664 999 700 illae
1022 663 1295 710 (controversiae)
1318 667 1353 706 7,
1376 663 1412 706 4,
1434 665 1575 716 382111-

51 735 53 739 1
97 711 231 747 tiomle
253 711 462 757 (genesys.
485 717 542 747 est
561 715 606 757 3,
628 713 674 757 6,
699 714 757 748 86.
787 711 986 746 facilius
1020 711 1373 755 simpliciusque
1404 709 1574 753 judicium

97 759 156 802 10,
180 755 220 797 4.
243 760 278 792 1.
301 769 332 792 s.
359 768 479 805 pugna
500 761 544 802 5,
565 762 601 803 7,
624 762 658 793 1.
682 758 856 803 quantitas
877 769 908 792 s.
933 761 989 799 11,
1016 759 1059 801 3,
1083 759 1140 792 15.
1167 769 1196 794 3.
1228 755 1399 800 loquendi
1422 755 1513 791 ratio
1536 756 1573 798 8,

97 804 141 846 5,
166 804 224 838 33.
269 802 335 847 111)
363 805 560 848 Sapen-lau.-
576 815 644 840 ‘ex
670 803 931 850 simplicissima
954 814 1094 850 quaque
1114 802 1263 838 materia
1287 805 1343 846 10,
1371 803 1406 846 5,
1431 804 1487 836 10.
1515 811 1576 835 res

95 847 374 892 simplicissimae
401 851 458 892 10,
479 853 515 893 2,
542 851 596 884 10.

51 890 327 949 Simplicitas·
357 905 394 939 in
417 905 539 950 paucis
562 912 633 951 atq.
654 905 843 940 humilibus
867 910 1052 940 accusator
1074 903 1216 952 gloriari
1241 903 1464 948 simplicitate
1485 903 1579 937 solet

97 950 141 992 5,
167 953 204 990 7,
227 949 286 985 24.
311 949 356 992 d.
379 952 425 994 9,
447 951 494 996 4,
511 955 570 986 21.
601 951 827 986 callidissima
849 950 1081 995 simplicitatis
1102 950 1252 985 imitatio
1274 950 1318 995 4,
1337 953 1381 994 2,
1405 951 1463 985 57.
1496 948 1578 984 vitii

99 995 216 1039 simpl.
246 999 310 1039 11,
335 998 378 1039 1,
401 999 458 1032 21.
488 1009 521 1031 v.
541 997 862 1044 Negligentis.
903 995 1161 1032 securitas.

54 1039 322 1095 Simpliciter·
356 1050 399 1093 a)
422 1055 546 1088 Pasa..-
571 1065 599 1089 s.
621 1053 864 1098 accipiendum
886 1051 923 1096 4,
946 1055 982 1095 2,
1004 1055 1050 1086 20
1070 1053 1119 1086 N.
1145 1050 1190 1094 cs.
1214 1053 1250 1095 3,
1275 1054 1309 1093 2,
1332 1053 1367 1086 1.
1392 1049 1476 1095 justi
1496 1061 1580 1098 spe..

101 1097 174 1131 cies
199 1108 271 1132 non
293 1109 322 1132 3.
345 1099 468 1133 excuti
490 1101 583 1135 solet
605 1103 641 1143 2,
658 1098 693 1142 4,
714 1100 772 1144 38.
799 1098 904 1143 [illud
920 1108 1052 1132 nomen
1073 1109 1103 1132 s.
1121 1097 1275 1142 positum
1300 1098 1385 1142 (Sp.
1405 1098 1450 1131 de
1467 1098 1577 1139 conj.;

103 1145 206 1179 codd.
226 1150 285 1179 aut
306 1147 408 1179 onnia.
427 1146 554 1190 simpl.²
576 1153 637 1178 aui
656 1147 735 1179 dani
758 1145 917 1188 impos.),
939 1145 1009 1178 hoc
1033 1145 1083 1177 ed
1107 1143 1294 1188 aliquid
1321 1154 1400 1178 esse
1427 1147 1458 1184 1,
1477 1143 1513 1186 6,
1535 1145 1579 1177 13

99 1189 148 1223 N.
179 1202 227 1223 cr.
253 1196 285 1223 et
307 1187 362 1234 S.]
387 1191 594 1225 candide
617 1197 687 1236 atq.
713 1190 857 1234 simpl.
883 1189 1073 1234 protulisse
1099 1192 1160 1231 12,
1190 1193 1255 1231 11,
1279 1191 1331 1224 8.'
1357 1189 1408 1233 β)
1435 1191 1581 1232 Compa-

100 1241 189 1269 mr..-
219 1246 249 1274 s.
275 1235 422 1270 audiunt
442 1237 488 1280 5,
514 1239 576 1280 11,
604 1238 659 1272 19.
681 1247 711 1270 s.
737 1247 855 1270 mores
886 1246 926 1269 se
960 1236 1054 1270 inter
1076 1236 1267 1268 ludendum
1291 1235 1460 1280 detegunt
1484 1237 1517 1276 1,
1544 1237 1581 1276 3,

102 1282 160 1314 12.
180 1279 403 1315 &docentes
432 1284 474 1325 1,
501 1285 564 1324 12,
589 1285 647 1316 11.
674 1293 704 1316 3.
730 1280 925 1320 instituenti
946 1283 989 1325 3,
1018 1284 1085 1324 11,
1107 1283 1166 1316 21.
1201 1279 1388 1316 brevius
1411 1291 1452 1315 ac
1476 1279 1581 1314 sim-

99 1323 279 1372 plicius
303 1327 394 1361 tradi
416 1329 463 1372 8,
485 1329 543 1362 Pr.
560 1332 595 1362 1.

52 1373 206 1424 Silua·
249 1404 292 1428 se
313 1393 352 1428 in
373 1395 486 1428 multa
505 1405 536 1430 s.
557 1395 743 1439 intendere
766 1399 880 1428 totum
906 1396 973 1436 10,
996 1394 1039 1436 3,
1062 1395 1121 1428 23.
1158 1404 1230 1428 11011
1263 1393 1300 1428 in
1331 1392 1483 1438 aliquam
1505 1403 1582 1426 rem

55 1456 83 1471 .‹
100 1447 220 1480 unam,
245 1440 310 1475 ted
332 1439 371 1474 in
393 1441 512 1484 plures
535 1441 719 1476 continuas
738 1443 794 1482 10,
819 1439 854 1482 7'‚
878 1441 935 1474 16.
961 1451 1042 1473 cum
1065 1441 1189 1474 decem
1212 1439 1394 1483 (oratores)
1419 1451 1448 1473 s.
1467 1439 1583 1472 Athe-

101 1482 161 1519 nis
181 1494 254 1518 una
276 1491 372 1519 setas
394 1486 514 1520 tulerit
537 1490 602 1529 10,
629 1490 670 1529 1,
693 1487 751 1521 76.
777 1491 887 1519 totam
907 1496 940 1519 s.
965 1496 1104 1518 causam
1129 1487 1171 1528 6,
1197 1489 1238 1529 1,
1263 1489 1295 1519 1.
1326 1496 1354 1518 3.
1380 1484 1500 1518 omnia
1524 1484 1584 1517 in-

99 1528 247 1563 mmm·
272 1532 326 1572 10,
350 1533 386 1572 7,
411 1532 468 1565 16.
506 1531 550 1572 ιῇζ
581 1535 614 1574 1,
642 1534 678 1574 2,
705 1534 758 1565 13.
788 1534 844 1572 11,
869 1532 903 1572 3,
927 1533 1218 1573 25351upere
1246 1532 1414 1572 gaudio
1448 1532 1583 1564 Grae-

107 1585 199 1615 cus;
235 1584 267 1606 3.
291 1574 387 1608 enim
412 1575 552 1610 auditur
578 1579 726 1618 coepit
747 1577 794 1617 9,
817 1578 859 1615 3,
886 1576 942 1610 58.
966 1575 1194 1620 simulque
1218 1577 1261 1608 ad
1284 1575 1322 1608 id
1345 1577 1584 1618 perducentur

87 1621 154 1662 v2,
177 1619 216 1661 5,
240 1620 298 1653 13.
329 1619 362 1654 si
389 1620 469 1664 quis
491 1621 665 1667 sacrilegii
690 1626 735 1654 et
762 1619 944 1653 homicidii
969 1619 1107 1654 simul
1131 1626 1317 1654 accusetur
1338 1623 1382 1663 3,
1408 1623 1470 1662 10,
1494 1625 1512 1654 1
1537 1625 1583 1654 Z.

108 1663 265 1710 cogitare
284 1664 418 1708 optima
439 1665 584 1699 simul
608 1677 656 1700 ac
684 1666 869 1700 deterrima
893 1668 949 1707 12,
976 1669 1009 1707 1,
1031 1664 1064 1699 4.
1086 1677 1186 1699 mens
1208 1678 1237 1701 3.
1260 1666 1453 1711 visusque
1481 1677 1587 1710 prae-

69 1723 75 1726 ·
109 1709 292 1755 stringitur
314 1712 378 1753 10,
406 1714 446 1750 1,
475 1713 532 1745 30.
567 1711 612 1752 cs.
641 1712 697 1745 62.
735 1714 799 1753 11,
830 1714 871 1753 1,
899 1713 955 1745 69.
981 1721 1011 1743 3.
1036 1717 1179 1745 vertere
1200 1713 1292 1745 latus
1316 1718 1359 1745 et
1384 1712 1586 1745 interim

109 1755 296 1800 obiurgare
320 1757 377 1797 10,
402 1757 437 1798 3,
459 1759 517 1790 21.
546 1756 741 1790 citharoedi
765 1767 837 1790 non
861 1767 890 1790 s.
914 1761 958 1789 et
980 1757 1193 1799 memoriae,
1219 1763 1263 1791 et
1286 1767 1376 1791 sono
1397 1757 1514 1799 vocis,
1540 1763 1587 1791 et

103 1801 271 1844 pluribus
291 1800 445 1834 flexibus
470 1802 656 1846 serviunt?
683 1806 727 1846 1,
750 1805 817 1845 12,
840 1803 874 1835 3.
897 1800 943 1842 cs.
971 1805 1037 1843 11,
1061 1804 1104 1845 3,
1129 1804 1186 1837 65.
1215 1802 1323 1847 quia
1352 1793 1513 1836 Latinum
1540 1823 1587 1829 —-

110 1846 173 1880 vel
201 1845 302 1879 nobis
325 1846 525 1881 nolentibus
546 1847 725 1892 perbibet:
754 1858 782 1881 s.
810 1846 913 1891 quia
936 1847 1130 1892 disciplinis
1155 1859 1298 1892 quoque
1321 1848 1466 1883 Graecis
1488 1848 1587 1892 prius

85 1908 89 1913 ·
110 1890 345 1925 instituendus
373 1897 428 1925 est
449 1895 491 1936 1,
517 1895 559 1935 1,
583 1896 638 1927 12.
671 1905 700 1927 3.
725 1898 769 1926 ut
790 1892 940 1936 pleniori
964 1893 1136 1938 obsequio
1160 1896 1362 1928 demererer
1388 1894 1588 1928 amantissi-

112 1946 192 1970 mos
213 1936 304 1979 mei,
334 1949 363 1971 s.
385 1948 432 1971 ne
454 1955 500 1963 —
524 1939 648 1972 alienis
678 1940 818 1972 demum
848 1938 1010 1985 vestigiis
1034 1939 1235 1975 insisterem
1259 1941 1321 1975 Pr.
1341 1941 1387 1984 33
1420 1940 1588 1985 paulatim

113 1993 142 2015 3.
167 1988 339 2016 euntes
362 1983 556 2027 aptabimus
581 1986 663 2020 vela
690 1987 746 2028 10,
770 1988 807 2027 7,
828 1986 887 2019 23.

69 2036 365 2079 Simsslacrum·
401 2049 441 2094 1)
464 2053 646 2093 signum.-
672 2051 942 2086 simulacris
963 2061 1030 2096 pro
1053 2051 1207 2086 literis
1231 2057 1372 2085 utamur
1396 2054 1452 2093 11,
1469 2054 1505 2094 2,
1527 2055 1588 2087 21.

117 2095 243 2137 quaed.
267 2094 371 2127 nullis
395 2106 424 2129 3.
448 2096 637 2142 significari
658 2103 805 2141 possunt
829 2100 872 2132 fb.
899 2099 955 2132 25.
979 2110 1012 2130 v.
1032 2098 1199 2144 Imago.
1245 2098 1294 2138 11)
1318 2100 1451 2130 simili
1458 2100 1539 2131 tud
1547 2112 1588 2132 o.-

116 2139 170 2172 sic
193 2146 385 2173 nascuntur
410 2142 498 2175 haec
520 2144 620 2176 velut
648 2154 678 2177 3.
703 2154 750 2176 ex
772 2142 842 2176 illis
868 2143 980 2176 tribus
1008 2142 1207 2186 (statibus),
1239 2143 1380 2176 interim
1403 2142 1588 2186 simplicia,

117 2185 258 2218 interim
282 2190 318 2219 et
345 2185 474 2228 mixta,
498 2188 674 2231 propriam
696 2193 816 2222 tamen
839 2188 966 2222 faciem
989 2189 1212 2222 ostendentia
1233 2191 1275 2230 3,
1299 2189 1343 2231 6,
1368 2190 1427 2222 88.
1449 2200 1589 2235 pugnae

119 2241 147 2263 s.
173 2233 216 2272 2,
246 2233 309 2273 10,
338 2232 372 2265 8.
402 2231 579 2266 civilitatis
609 2234 802 2277 particulae
829 2245 858 2267 3.
884 2237 930 2276 2,
958 2234 1021 2278 15,
1046 2235 1091 2269 25
1111 2236 1159 2270 N.
1184 2234 1347 2268 inanibus
1379 2245 1418 2268 se
1442 2234 1523 2269 sim.
1543 2251 1591 2260 —

117 2276 338 2310 assuefacere
361 2275 421 2320 (Z.
443 2279 657 2322 assuescere)
683 2281 740 2323 10,
762 2279 797 2323 5,
822 2282 865 2314 17
882 2282 941 2314 Fr.

74 2329 311 2372 simulatio.
347 2354 376 2376 3.
395 2349 467 2386 est,
492 2349 622 2378 certam
647 2345 851 2390 opinionem
874 2346 979 2380 animi
1003 2345 1058 2379 sui
1083 2345 1248 2379 imitantis
1270 2348 1314 2389 6,
1338 2347 1378 2390 3,
1404 2348 1461 2383 85.
1487 2347 1530 2389 ιςίί
1555 2348 1591 2391 5,

120 2389 182 2430 13,
206 2390 263 2422 22.
298 2388 702 2425 v.Dissimulatio.
740 2391 871 2435 optima
904 2398 958 2426 est
992 2392 1083 2425 sim.
1117 2397 1241 2425 contra
1276 2393 1592 2428 simulantem

119 2433 155 2473 6,
179 2434 214 2473 3,
236 2433 291 2467 92.
314 2433 414 2467 malis
437 2434 637 2469 hominibus
660 2447 910 2481 nonnunquam
936 2437 1068 2471 excidit
1089 2437 1165 2482 ipsa
1191 2438 1268 2471 sim.
1295 2436 1350 2480 12,
1374 2441 1408 2481 1,
1430 2442 1484 2473 12.
1506 2437 1593 2483 pro-

122 2477 172 2510 dit
197 2488 249 2520 se,
279 2479 468 2522 quamlibet
491 2481 716 2524 custodiatur,
741 2481 819 2515 sim.
844 2485 887 2516 ib.
911 2484 967 2517 29.
994 2493 1067 2516 non
1087 2484 1213 2526 procul
1239 2484 1283 2516 ab
1308 2484 1375 2517 hac
1398 2484 1474 2518 sim.
1497 2487 1531 2525 9,
1556 2489 1592 2528 2,

123 2523 180 2557 51.
210 2523 380 2567 augendis
403 2524 584 2559 affectibus
612 2528 897 2561 accommodatae
922 2528 1054 2572 figurae
1082 2534 1244 2561 constant
1267 2529 1420 2563 maxime
1448 2530 1593 2564 simula-

123 2568 221 2601 tione
247 2571 289 2602 ib.
315 2570 383 2610 26;
414 2570 591 2604 contraria
626 2578 681 2605 est
706 2573 849 2619 neganti
881 2572 1116 2607 confessionis
1147 2574 1223 2607 sim·
1250 2575 1295 2616 6,
1318 2577 1361 2617 3,
1389 2576 1446 2610 81.
1476 2576 1592 2609 laudis

122 2613 343 2648 simulatione
370 2615 578 2660 detrahere,
606 2622 642 2651 et
662 2617 931 2661 vituperationis
956 2620 1100 2652 laudare
1125 2620 1166 2662 8,
1194 2622 1234 2662 6,
1262 2620 1319 2654 55.
1344 2632 1375 2654 s.
1398 2620 1592 2654 oblivionis

120 2661 164 2746 ἰ,
182 2661 232 2747 ¹1²3
241 2662 334 2740 ,9.10.
357 2660 499 2695 virtutis
522 2673 552 2696 s.
578 2662 621 2705 6,
644 2666 687 2707 2,
711 2665 755 2698 15
773 2663 844 2706 N.;
883 2675 912 2699 3.
935 2665 1066 2699 circa
1089 2665 1335 2700 occultandam
1355 2667 1593 2711 eloquentiam
