<?xml version="1.0" encoding="UTF-8"?>
<!DOCTYPE html PUBLIC "-//W3C//DTD XHTML 1.0 Transitional//EN"
    "http://www.w3.org/TR/xhtml1/DTD/xhtml1-transitional.dtd">
<html xmlns="http://www.w3.org/1999/xhtml" xml:lang="en" lang="en">
 <head>
  <title>
</title>
<meta http-equiv="Content-Type" content="text/html;charset=utf-8" />
  <meta name='ocr-system' content='tesseract 3.04.00' />
  <meta name='ocr-capabilities' content='ocr_page ocr_carea ocr_par ocr_line ocrx_word'/>
</head>
<body>
  <div class='ocr_page' id='page_1' title='image "./lexiconquintilia06bonnuoft/lexiconquintilia06bonnuoft_0173.png"; bbox 0 0 1728 3002; ppageno 0'>
   <div class='ocr_carea' id='block_1_1' title="bbox 799 210 1682 261">
    <p class='ocr_par' dir='ltr' id='par_1_1' title="bbox 799 210 1682 261">
     <span class='ocr_line' id='line_1_1' title="bbox 799 210 1682 261; baseline 0 0"><span class='ocrx_word' id='word_1_1' title='bbox 799 217 885 261; x_wconf 72' lang='lat' dir='ltr'>Ars</span> <span class='ocrx_word' id='word_1_2' title='bbox 1554 210 1682 261; x_wconf 41' lang='grc' dir='ltr'>81χ</span> 
     </span>
    </p>
   </div>
   <div class='ocr_carea' id='block_1_2' title="bbox 106 331 1611 1524">
    <p class='ocr_par' dir='ltr' id='par_1_2' title="bbox 117 331 1608 652">
     <span class='ocr_line' id='line_1_2' title="bbox 119 331 1606 383; baseline -0.005 -8"><span class='ocrx_word' id='word_1_3' title='bbox 119 355 164 366; x_wconf 91' lang='lat'>·-</span> <span class='ocrx_word' id='word_1_4' title='bbox 188 335 458 383; x_wconf 75' lang='lat' dir='ltr'>compositionis</span> <span class='ocrx_word' id='word_1_5' title='bbox 481 337 517 379; x_wconf 88' lang='grc'>9,</span> <span class='ocrx_word' id='word_1_6' title='bbox 543 333 579 378; x_wconf 85' lang='grc'>4,</span> <span class='ocrx_word' id='word_1_7' title='bbox 605 335 660 370; x_wconf 89' lang='grc'>16.</span> <span class='ocrx_word' id='word_1_8' title='bbox 697 350 742 359; x_wconf 89' lang='grc'>-</span> <span class='ocrx_word' id='word_1_9' title='bbox 765 342 965 378; x_wconf 84' lang='lat' dir='ltr'>coquorum</span> <span class='ocrx_word' id='word_1_10' title='bbox 987 334 1024 375; x_wconf 84' lang='lat'>2,</span> <span class='ocrx_word' id='word_1_11' title='bbox 1049 334 1108 375; x_wconf 83' lang='lat'>21,</span> <span class='ocrx_word' id='word_1_12' title='bbox 1135 333 1203 365; x_wconf 85' lang='lat'><strong>11..</strong></span> <span class='ocrx_word' id='word_1_13' title='bbox 1221 348 1266 357; x_wconf 89' lang='lat'><em>-</em></span> <span class='ocrx_word' id='word_1_14' title='bbox 1292 332 1486 380; x_wconf 77' lang='lat' dir='ltr'>figurarum</span> <span class='ocrx_word' id='word_1_15' title='bbox 1510 331 1547 376; x_wconf 85' lang='lat'>9,</span> <span class='ocrx_word' id='word_1_16' title='bbox 1570 333 1606 376; x_wconf 79' lang='grc'>3,</span> 
     </span>
     <span class='ocr_line' id='line_1_3' title="bbox 117 376 1608 424; baseline -0.005 -4"><span class='ocrx_word' id='word_1_17' title='bbox 117 383 177 421; x_wconf 71' lang='lat'>54.</span> <span class='ocrx_word' id='word_1_18' title='bbox 218 402 256 410; x_wconf 86' lang='lat'>·-</span> <span class='ocrx_word' id='word_1_19' title='bbox 283 381 482 419; x_wconf 77' lang='lat' dir='ltr'>medicinae</span> <span class='ocrx_word' id='word_1_20' title='bbox 509 383 543 423; x_wconf 97' lang='lat'>3,</span> <span class='ocrx_word' id='word_1_21' title='bbox 568 382 603 424; x_wconf 89' lang='grc'>6,</span> <span class='ocrx_word' id='word_1_22' title='bbox 627 379 683 416; x_wconf 84' lang='grc'><strong>64.</strong></span> <span class='ocrx_word' id='word_1_23' title='bbox 719 398 762 404; x_wconf 90' lang='grc'><strong>-</strong></span> <span class='ocrx_word' id='word_1_24' title='bbox 786 379 981 413; x_wconf 81' lang='lat' dir='ltr'>memoriae</span> <span class='ocrx_word' id='word_1_25' title='bbox 1006 380 1064 420; x_wconf 84' lang='lat'>11,</span> <span class='ocrx_word' id='word_1_26' title='bbox 1087 380 1121 420; x_wconf 85' lang='lat'>2,</span> <span class='ocrx_word' id='word_1_27' title='bbox 1150 381 1204 411; x_wconf 88' lang='lat'><strong>11.</strong></span> <span class='ocrx_word' id='word_1_28' title='bbox 1226 376 1285 412; x_wconf 86' lang='grc'>40.</span> <span class='ocrx_word' id='word_1_29' title='bbox 1324 397 1371 405; x_wconf 91' lang='grc'>-</span> <span class='ocrx_word' id='word_1_30' title='bbox 1395 378 1548 413; x_wconf 74' lang='lat' dir='ltr'>oratoris</span> <span class='ocrx_word' id='word_1_31' title='bbox 1570 382 1608 423; x_wconf 86' lang='grc'>2,</span> 
     </span>
     <span class='ocr_line' id='line_1_4' title="bbox 120 421 1608 475; baseline -0.005 -10"><span class='ocrx_word' id='word_1_32' title='bbox 120 433 179 475; x_wconf 83' lang='lat'>17,</span> <span class='ocrx_word' id='word_1_33' title='bbox 198 432 256 465; x_wconf 84' lang='lat'>37.</span> <span class='ocrx_word' id='word_1_34' title='bbox 282 441 339 464; x_wconf 74' lang='lat' dir='ltr'>ars</span> <span class='ocrx_word' id='word_1_35' title='bbox 365 428 561 463; x_wconf 75' lang='lat' dir='ltr'>studiorum</span> <span class='ocrx_word' id='word_1_36' title='bbox 586 427 772 471; x_wconf 76' lang='lat' dir='ltr'>(stridorem</span> <span class='ocrx_word' id='word_1_37' title='bbox 796 425 903 467; x_wconf 78' lang='lat' dir='ltr'>efficit</span> <span class='ocrx_word' id='word_1_38' title='bbox 929 427 962 457; x_wconf 79' lang='lat' dir='ltr'>in</span> <span class='ocrx_word' id='word_1_39' title='bbox 988 421 1248 467; x_wconf 74' lang='lat' dir='ltr'>pronuntiando)</span> <span class='ocrx_word' id='word_1_40' title='bbox 1273 424 1308 466; x_wconf 86' lang='lat'>9,</span> <span class='ocrx_word' id='word_1_41' title='bbox 1323 423 1358 468; x_wconf 88' lang='grc'>4,</span> <span class='ocrx_word' id='word_1_42' title='bbox 1373 426 1418 460; x_wconf 84' lang='grc'>37</span> <span class='ocrx_word' id='word_1_43' title='bbox 1433 426 1480 458; x_wconf 88' lang='grc' dir='ltr'>Ν.</span> <span class='ocrx_word' id='word_1_44' title='bbox 1496 437 1542 458; x_wconf 77' lang='lat' dir='ltr'>cr.</span> <span class='ocrx_word' id='word_1_45' title='bbox 1562 440 1608 450; x_wconf 91' lang='lat'>—·</span> 
     </span>
     <span class='ocr_line' id='line_1_5' title="bbox 117 469 1608 519; baseline -0.005 -8"><span class='ocrx_word' id='word_1_46' title='bbox 117 476 284 512; x_wconf 81' lang='lat' dir='ltr'>tibiarum</span> <span class='ocrx_word' id='word_1_47' title='bbox 307 478 350 519; x_wconf 83' lang='lat'>2,</span> <span class='ocrx_word' id='word_1_48' title='bbox 369 477 413 518; x_wconf 89' lang='grc'>3,</span> <span class='ocrx_word' id='word_1_49' title='bbox 439 477 482 518; x_wconf 76' lang='lat'>35</span> <span class='ocrx_word' id='word_1_50' title='bbox 527 484 583 508; x_wconf 82' lang='lat' dir='ltr'>ars</span> <span class='ocrx_word' id='word_1_51' title='bbox 613 471 752 507; x_wconf 83' lang='lat' dir='ltr'>dicendi</span> <span class='ocrx_word' id='word_1_52' title='bbox 781 470 862 517; x_wconf 78' lang='lat' dir='ltr'>(quo</span> <span class='ocrx_word' id='word_1_53' title='bbox 887 469 1027 515; x_wconf 63' lang='lat' dir='ltr'>constet)</span> <span class='ocrx_word' id='word_1_54' title='bbox 1057 473 1102 513; x_wconf 86' lang='lat'>2,</span> <span class='ocrx_word' id='word_1_55' title='bbox 1126 472 1191 512; x_wconf 84' lang='lat'>13,</span> <span class='ocrx_word' id='word_1_56' title='bbox 1216 472 1260 504; x_wconf 85' lang='lat'>15</span> <span class='ocrx_word' id='word_1_57' title='bbox 1284 471 1333 504; x_wconf 82' lang='grc' dir='ltr'><strong>Ν.</strong></span> <span class='ocrx_word' id='word_1_58' title='bbox 1370 483 1447 515; x_wconf 82' lang='grc' dir='ltr'>ορρ.</span> <span class='ocrx_word' id='word_1_59' title='bbox 1476 469 1608 505; x_wconf 66' lang='lat' dir='ltr'>officiis</span> 
     </span>
     <span class='ocr_line' id='line_1_6' title="bbox 119 515 1607 569; baseline -0.004 -13"><span class='ocrx_word' id='word_1_60' title='bbox 119 521 258 569; x_wconf 82' lang='lat' dir='ltr'>agentis</span> <span class='ocrx_word' id='word_1_61' title='bbox 281 520 412 564; x_wconf 81' lang='grc'>12,’9,</span> <span class='ocrx_word' id='word_1_62' title='bbox 435 523 469 554; x_wconf 88' lang='grc'>1.</span> <span class='ocrx_word' id='word_1_63' title='bbox 501 538 546 545; x_wconf 90' lang='lat'>—</span> <span class='ocrx_word' id='word_1_64' title='bbox 571 518 712 553; x_wconf 87' lang='lat' dir='ltr'>dicendi</span> <span class='ocrx_word' id='word_1_65' title='bbox 737 519 832 551; x_wconf 87' lang='lat' dir='ltr'>bona</span> <span class='ocrx_word' id='word_1_66' title='bbox 861 516 1021 562; x_wconf 85' lang='lat' dir='ltr'>quidem,</span> <span class='ocrx_word' id='word_1_67' title='bbox 1058 517 1121 550; x_wconf 88' lang='lat' dir='ltr'>sed</span> <span class='ocrx_word' id='word_1_68' title='bbox 1145 515 1247 550; x_wconf 87' lang='lat' dir='ltr'>malis</span> <span class='ocrx_word' id='word_1_69' title='bbox 1282 515 1386 550; x_wconf 88' lang='lat' dir='ltr'>artib.</span> <span class='ocrx_word' id='word_1_70' title='bbox 1414 515 1523 551; x_wconf 83' lang='lat' dir='ltr'>simili</span> <span class='ocrx_word' id='word_1_71' title='bbox 1549 519 1607 559; x_wconf 86' lang='lat'>12,</span> 
     </span>
     <span class='ocr_line' id='line_1_7' title="bbox 120 560 1608 611; baseline -0.004 -8"><span class='ocrx_word' id='word_1_72' title='bbox 120 571 164 611; x_wconf 85' lang='lat'>1,</span> <span class='ocrx_word' id='word_1_73' title='bbox 191 568 252 602; x_wconf 77' lang='lat'>41.</span> <span class='ocrx_word' id='word_1_74' title='bbox 297 584 334 593; x_wconf 91' lang='lat'>—</span> <span class='ocrx_word' id='word_1_75' title='bbox 359 565 560 601; x_wconf 87' lang='lat' dir='ltr'>collocandi</span> <span class='ocrx_word' id='word_1_76' title='bbox 595 567 636 606; x_wconf 98' lang='grc'>8,</span> <span class='ocrx_word' id='word_1_77' title='bbox 661 566 724 598; x_wconf 88' lang='lat' dir='ltr'>Pr.</span> <span class='ocrx_word' id='word_1_78' title='bbox 746 565 803 598; x_wconf 86' lang='grc'>28.</span> <span class='ocrx_word' id='word_1_79' title='bbox 838 579 883 588; x_wconf 86' lang='lat'>—</span> <span class='ocrx_word' id='word_1_80' title='bbox 919 562 1140 609; x_wconf 82' lang='lat' dir='ltr'>gubernandi</span> <span class='ocrx_word' id='word_1_81' title='bbox 1162 565 1203 606; x_wconf 84' lang='lat'>2,</span> <span class='ocrx_word' id='word_1_82' title='bbox 1230 565 1292 606; x_wconf 88' lang='grc'>17,</span> <span class='ocrx_word' id='word_1_83' title='bbox 1317 560 1374 598; x_wconf 88' lang='grc'>34.</span> <span class='ocrx_word' id='word_1_84' title='bbox 1404 581 1450 589; x_wconf 89' lang='grc'>-</span> <span class='ocrx_word' id='word_1_85' title='bbox 1480 561 1608 597; x_wconf 87' lang='lat' dir='ltr'>orandi</span> 
     </span>
     <span class='ocr_line' id='line_1_8' title="bbox 117 611 812 652; baseline -0.009 -3"><span class='ocrx_word' id='word_1_86' title='bbox 117 614 178 649; x_wconf 69' lang='lat'><strong>1²1.</strong></span> <span class='ocrx_word' id='word_1_87' title='bbox 198 611 236 648; x_wconf 85' lang='lat'>4.</span> <span class='ocrx_word' id='word_1_88' title='bbox 262 629 308 638; x_wconf 91' lang='lat'>—</span> <span class='ocrx_word' id='word_1_89' title='bbox 331 619 430 647; x_wconf 87' lang='lat' dir='ltr'>recte</span> <span class='ocrx_word' id='word_1_90' title='bbox 456 611 634 646; x_wconf 80' lang='lat' dir='ltr'>scribendi</span> <span class='ocrx_word' id='word_1_91' title='bbox 662 615 695 652; x_wconf 91' lang='lat'>1,</span> <span class='ocrx_word' id='word_1_92' title='bbox 719 613 754 652; x_wconf 93' lang='lat'>7,</span> <span class='ocrx_word' id='word_1_93' title='bbox 780 612 812 644; x_wconf 92' lang='lat'><strong>1.</strong></span> 
     </span>
    </p>

    <p class='ocr_par' dir='ltr' id='par_1_3' title="bbox 106 652 1611 1524">
     <span class='ocr_line' id='line_1_9' title="bbox 165 652 1604 702; baseline -0.005 -9"><span class='ocrx_word' id='word_1_94' title='bbox 165 659 214 700; x_wconf 81' lang='grc' dir='ltr'>Π)</span> <span class='ocrx_word' id='word_1_95' title='bbox 237 661 397 692; x_wconf 72' lang='lat' dir='ltr'>Faculias</span> <span class='ocrx_word' id='word_1_96' title='bbox 415 665 475 693; x_wconf 78' lang='lat' dir='ltr'>aut</span> <span class='ocrx_word' id='word_1_97' title='bbox 496 661 600 691; x_wconf 81' lang='lat' dir='ltr'>virtus</span> <span class='ocrx_word' id='word_1_98' title='bbox 626 658 768 702; x_wconf 61' lang='lat' dir='ltr'>quaed„</span> <span class='ocrx_word' id='word_1_99' title='bbox 793 657 979 699; x_wconf 74' lang='lat' dir='ltr'>praeceptis</span> <span class='ocrx_word' id='word_1_100' title='bbox 1002 655 1144 688; x_wconf 77' lang='lat' dir='ltr'>mcm&#39;me</span> <span class='ocrx_word' id='word_1_101' title='bbox 1168 653 1299 696; x_wconf 70' lang='lat' dir='ltr'>effecta.</span> <span class='ocrx_word' id='word_1_102' title='bbox 1346 652 1390 694; x_wconf 79' lang='grc' dir='ltr'>α)</span> <span class='ocrx_word' id='word_1_103' title='bbox 1410 653 1604 688; x_wconf 55' lang='lat' dir='ltr'>Nominaae</span> 
     </span>
     <span class='ocr_line' id='line_1_10' title="bbox 106 697 1607 746; baseline -0.003 -7"><span class='ocrx_word' id='word_1_104' title='bbox 106 712 192 745; x_wconf 58' lang='lat' dir='ltr'>„trs</span> <span class='ocrx_word' id='word_1_105' title='bbox 222 715 359 739; x_wconf 82' lang='lat' dir='ltr'>summa</span> <span class='ocrx_word' id='word_1_106' title='bbox 389 703 576 738; x_wconf 87' lang='lat' dir='ltr'>materia</span> <span class='ocrx_word' id='word_1_107' title='bbox 614 703 746 746; x_wconf 84' lang='lat' dir='ltr'>optima</span> <span class='ocrx_word' id='word_1_108' title='bbox 777 701 905 735; x_wconf 82' lang='lat' dir='ltr'>melior</span> <span class='ocrx_word' id='word_1_109' title='bbox 942 704 983 737; x_wconf 83' lang='grc'>2.</span> <span class='ocrx_word' id='word_1_110' title='bbox 1025 702 1089 743; x_wconf 90' lang='grc'>19,</span> <span class='ocrx_word' id='word_1_111' title='bbox 1124 700 1158 733; x_wconf 89' lang='grc'>3.</span> <span class='ocrx_word' id='word_1_112' title='bbox 1203 698 1248 740; x_wconf 80' lang='lat' dir='ltr'>cs.</span> <span class='ocrx_word' id='word_1_113' title='bbox 1283 697 1331 742; x_wconf 91' lang='lat'>4,</span> <span class='ocrx_word' id='word_1_114' title='bbox 1369 701 1410 740; x_wconf 86' lang='lat'>1,</span> <span class='ocrx_word' id='word_1_115' title='bbox 1448 700 1508 735; x_wconf 85' lang='lat'><strong>56.</strong></span> <span class='ocrx_word' id='word_1_116' title='bbox 1561 711 1607 734; x_wconf 85' lang='lat' dir='ltr'>ea</span> 
     </span>
     <span class='ocr_line' id='line_1_11' title="bbox 119 744 1607 794; baseline -0.003 -9"><span class='ocrx_word' id='word_1_117' title='bbox 119 748 197 785; x_wconf 66' lang='lat' dir='ltr'>iota</span> <span class='ocrx_word' id='word_1_118' title='bbox 222 749 260 784; x_wconf 90' lang='lat' dir='ltr'>in</span> <span class='ocrx_word' id='word_1_119' title='bbox 287 751 360 784; x_wconf 86' lang='lat' dir='ltr'>hoc</span> <span class='ocrx_word' id='word_1_120' title='bbox 396 761 469 783; x_wconf 84' lang='lat' dir='ltr'>ars</span> <span class='ocrx_word' id='word_1_121' title='bbox 505 755 571 792; x_wconf 83' lang='lat' dir='ltr'>est,</span> <span class='ocrx_word' id='word_1_122' title='bbox 599 759 691 793; x_wconf 84' lang='lat' dir='ltr'>quae</span> <span class='ocrx_word' id='word_1_123' title='bbox 714 747 883 794; x_wconf 76' lang='lat' dir='ltr'>intelligi,</span> <span class='ocrx_word' id='word_1_124' title='bbox 917 746 986 780; x_wconf 90' lang='lat' dir='ltr'>nisi</span> <span class='ocrx_word' id='word_1_125' title='bbox 1011 747 1056 780; x_wconf 85' lang='lat' dir='ltr'>ab</span> <span class='ocrx_word' id='word_1_126' title='bbox 1090 744 1301 787; x_wconf 79' lang='lat' dir='ltr'>artifice,</span> <span class='ocrx_word' id='word_1_127' title='bbox 1337 756 1411 780; x_wconf 89' lang='lat' dir='ltr'>non</span> <span class='ocrx_word' id='word_1_128' title='bbox 1433 746 1545 790; x_wconf 85' lang='lat' dir='ltr'>possit</span> <span class='ocrx_word' id='word_1_129' title='bbox 1570 749 1607 790; x_wconf 91' lang='grc'>2,</span> 
     </span>
     <span class='ocr_line' id='line_1_12' title="bbox 120 790 1606 840; baseline -0.003 -9"><span class='ocrx_word' id='word_1_130' title='bbox 120 797 162 840; x_wconf 73' lang='lat'>5¹,</span> <span class='ocrx_word' id='word_1_131' title='bbox 188 795 223 831; x_wconf 86' lang='grc'>8.</span> <span class='ocrx_word' id='word_1_132' title='bbox 256 796 294 829; x_wconf 87' lang='lat' dir='ltr'>in</span> <span class='ocrx_word' id='word_1_133' title='bbox 318 796 481 829; x_wconf 88' lang='lat' dir='ltr'>omnibus</span> <span class='ocrx_word' id='word_1_134' title='bbox 504 795 560 829; x_wconf 79' lang='lat' dir='ltr'>his</span> <span class='ocrx_word' id='word_1_135' title='bbox 587 794 837 836; x_wconf 77' lang='lat' dir='ltr'>(orationibus)</span> <span class='ocrx_word' id='word_1_136' title='bbox 865 798 900 827; x_wconf 92' lang='lat' dir='ltr'>et</span> <span class='ocrx_word' id='word_1_137' title='bbox 926 803 998 826; x_wconf 88' lang='lat' dir='ltr'>ars</span> <span class='ocrx_word' id='word_1_138' title='bbox 1028 797 1099 834; x_wconf 88' lang='lat' dir='ltr'>est,</span> <span class='ocrx_word' id='word_1_139' title='bbox 1129 797 1164 824; x_wconf 89' lang='lat' dir='ltr'>et</span> <span class='ocrx_word' id='word_1_140' title='bbox 1189 790 1369 825; x_wconf 81' lang='lat' dir='ltr'>artifex</span> <span class='ocrx_word' id='word_1_141' title='bbox 1393 794 1457 834; x_wconf 92' lang='grc'>12,</span> <span class='ocrx_word' id='word_1_142' title='bbox 1483 794 1544 835; x_wconf 90' lang='grc'>10,</span> <span class='ocrx_word' id='word_1_143' title='bbox 1570 795 1606 826; x_wconf 89' lang='grc'>1.</span> 
     </span>
     <span class='ocr_line' id='line_1_13' title="bbox 119 837 1606 885; baseline -0.002 -10"><span class='ocrx_word' id='word_1_144' title='bbox 119 851 231 876; x_wconf 82' lang='lat' dir='ltr'>usus</span> <span class='ocrx_word' id='word_1_145' title='bbox 257 841 307 875; x_wconf 88' lang='lat' dir='ltr'>ita</span> <span class='ocrx_word' id='word_1_146' title='bbox 331 841 508 885; x_wconf 87' lang='lat' dir='ltr'>proderit,</span> <span class='ocrx_word' id='word_1_147' title='bbox 546 840 576 874; x_wconf 90' lang='lat' dir='ltr'>si</span> <span class='ocrx_word' id='word_1_148' title='bbox 603 852 673 874; x_wconf 88' lang='lat' dir='ltr'>ars</span> <span class='ocrx_word' id='word_1_149' title='bbox 703 838 933 873; x_wconf 79' lang='lat' dir='ltr'>antecesserit</span> <span class='ocrx_word' id='word_1_150' title='bbox 961 840 1021 880; x_wconf 93' lang='lat'>10,</span> <span class='ocrx_word' id='word_1_151' title='bbox 1046 841 1087 881; x_wconf 91' lang='grc'>7,</span> <span class='ocrx_word' id='word_1_152' title='bbox 1122 839 1177 870; x_wconf 92' lang='grc'>12.</span> <span class='ocrx_word' id='word_1_153' title='bbox 1235 837 1375 880; x_wconf 80' lang='lat' dir='ltr'>omnia,</span> <span class='ocrx_word' id='word_1_154' title='bbox 1411 849 1503 881; x_wconf 81' lang='lat' dir='ltr'>quae</span> <span class='ocrx_word' id='word_1_155' title='bbox 1531 849 1606 872; x_wconf 85' lang='lat' dir='ltr'>ars</span> 
     </span>
     <span class='ocr_line' id='line_1_14' title="bbox 121 882 1607 930; baseline -0.002 -9"><span class='ocrx_word' id='word_1_156' title='bbox 121 887 442 930; x_wconf 81' lang='lat' dir='ltr'>consummaverit,</span> <span class='ocrx_word' id='word_1_157' title='bbox 480 899 501 921; x_wconf 82' lang='lat' dir='ltr'>a</span> <span class='ocrx_word' id='word_1_158' title='bbox 537 891 699 920; x_wconf 83' lang='lat' dir='ltr'>natura</span> <span class='ocrx_word' id='word_1_159' title='bbox 730 885 831 918; x_wconf 88' lang='lat' dir='ltr'>initia</span> <span class='ocrx_word' id='word_1_160' title='bbox 867 883 1012 917; x_wconf 78' lang='lat' dir='ltr'>duxisse.</span> <span class='ocrx_word' id='word_1_161' title='bbox 1044 886 1088 926; x_wconf 84' lang='lat'>2,</span> <span class='ocrx_word' id='word_1_162' title='bbox 1114 885 1169 924; x_wconf 87' lang='lat'>17,</span> <span class='ocrx_word' id='word_1_163' title='bbox 1193 883 1228 917; x_wconf 88' lang='lat'>9.</span> <span class='ocrx_word' id='word_1_164' title='bbox 1266 893 1346 916; x_wconf 90' lang='lat' dir='ltr'>cum</span> <span class='ocrx_word' id='word_1_165' title='bbox 1380 882 1517 917; x_wconf 84' lang='lat' dir='ltr'>desinat</span> <span class='ocrx_word' id='word_1_166' title='bbox 1548 895 1607 918; x_wconf 83' lang='lat' dir='ltr'>ars</span> 
     </span>
     <span class='ocr_line' id='line_1_15' title="bbox 122 927 1607 976; baseline -0.003 -9"><span class='ocrx_word' id='word_1_167' title='bbox 122 943 219 975; x_wconf 83' lang='lat' dir='ltr'>esse,</span> <span class='ocrx_word' id='word_1_168' title='bbox 247 932 278 966; x_wconf 85' lang='lat' dir='ltr'>si</span> <span class='ocrx_word' id='word_1_169' title='bbox 302 939 447 976; x_wconf 84' lang='lat' dir='ltr'>apparet</span> <span class='ocrx_word' id='word_1_170' title='bbox 469 931 503 974; x_wconf 90' lang='lat'>4,</span> <span class='ocrx_word' id='word_1_171' title='bbox 526 935 560 975; x_wconf 88' lang='lat'>2,</span> <span class='ocrx_word' id='word_1_172' title='bbox 582 935 659 965; x_wconf 82' lang='lat'><strong>127.</strong></span> <span class='ocrx_word' id='word_1_173' title='bbox 685 941 835 975; x_wconf 63' lang='lat' dir='ltr'>‘plorum</span> <span class='ocrx_word' id='word_1_174' title='bbox 862 941 932 963; x_wconf 88' lang='lat' dir='ltr'>ars</span> <span class='ocrx_word' id='word_1_175' title='bbox 957 928 1075 973; x_wconf 81' lang='lat' dir='ltr'>omnis</span> <span class='ocrx_word' id='word_1_176' title='bbox 1103 933 1242 962; x_wconf 84' lang='lat' dir='ltr'>constat</span> <span class='ocrx_word' id='word_1_177' title='bbox 1267 927 1524 963; x_wconf 77' lang='lat' dir='ltr'>imitatione</span> <span class='ocrx_word' id='word_1_178' title='bbox 1548 932 1607 974; x_wconf 88' lang='lat'>11,</span> 
     </span>
     <span class='ocr_line' id='line_1_16' title="bbox 122 970 1608 1021; baseline -0.001 -10"><span class='ocrx_word' id='word_1_179' title='bbox 122 980 163 1020; x_wconf 75' lang='grc'>3,</span> <span class='ocrx_word' id='word_1_180' title='bbox 185 979 243 1012; x_wconf 88' lang='grc'>91.</span> <span class='ocrx_word' id='word_1_181' title='bbox 279 978 372 1011; x_wconf 86' lang='lat' dir='ltr'>tradi</span> <span class='ocrx_word' id='word_1_182' title='bbox 400 978 537 1019; x_wconf 88' lang='lat' dir='ltr'>omnia,</span> <span class='ocrx_word' id='word_1_183' title='bbox 574 988 664 1021; x_wconf 85' lang='lat' dir='ltr'>quae</span> <span class='ocrx_word' id='word_1_184' title='bbox 690 988 745 1009; x_wconf 84' lang='lat' dir='ltr'>ars</span> <span class='ocrx_word' id='word_1_185' title='bbox 773 975 903 1018; x_wconf 83' lang='lat' dir='ltr'>efficit,</span> <span class='ocrx_word' id='word_1_186' title='bbox 940 976 1012 1008; x_wconf 69' lang='lat' dir='ltr'>non</span> <span class='ocrx_word' id='word_1_187' title='bbox 1036 979 1184 1018; x_wconf 82' lang='lat' dir='ltr'>possunt</span> <span class='ocrx_word' id='word_1_188' title='bbox 1215 977 1256 1016; x_wconf 91' lang='lat'>7,</span> <span class='ocrx_word' id='word_1_189' title='bbox 1283 976 1347 1016; x_wconf 91' lang='lat'>10,</span> <span class='ocrx_word' id='word_1_190' title='bbox 1373 975 1407 1008; x_wconf 88' lang='lat'>8.</span> <span class='ocrx_word' id='word_1_191' title='bbox 1448 970 1608 1019; x_wconf 71' lang='lat' dir='ltr'>moeror,</span> 
     </span>
     <span class='ocr_line' id='line_1_17' title="bbox 125 1019 1608 1067; baseline -0.001 -11"><span class='ocrx_word' id='word_1_192' title='bbox 125 1035 230 1067; x_wconf 79' lang='lat' dir='ltr'>quem</span> <span class='ocrx_word' id='word_1_193' title='bbox 253 1034 428 1056; x_wconf 87' lang='lat' dir='ltr'>summum</span> <span class='ocrx_word' id='word_1_194' title='bbox 451 1029 589 1067; x_wconf 90' lang='lat' dir='ltr'>poterat</span> <span class='ocrx_word' id='word_1_195' title='bbox 616 1034 671 1056; x_wconf 85' lang='lat' dir='ltr'>ars</span> <span class='ocrx_word' id='word_1_196' title='bbox 699 1023 843 1056; x_wconf 82' lang='lat' dir='ltr'>efficere</span> <span class='ocrx_word' id='word_1_197' title='bbox 867 1024 902 1063; x_wconf 89' lang='grc'>2,</span> <span class='ocrx_word' id='word_1_198' title='bbox 923 1023 978 1062; x_wconf 86' lang='grc'>13,</span> <span class='ocrx_word' id='word_1_199' title='bbox 1000 1022 1066 1053; x_wconf 76' lang='grc'>13.“</span> <span class='ocrx_word' id='word_1_200' title='bbox 1084 1026 1284 1053; x_wconf 84' lang='lat' dir='ltr'>naturae</span> <span class='ocrx_word' id='word_1_201' title='bbox 1307 1019 1377 1063; x_wconf 90' lang='lat' dir='ltr'>ipsi</span> <span class='ocrx_word' id='word_1_202' title='bbox 1404 1031 1476 1054; x_wconf 87' lang='lat' dir='ltr'>ars</span> <span class='ocrx_word' id='word_1_203' title='bbox 1500 1020 1608 1055; x_wconf 85' lang='lat' dir='ltr'>inerit</span> 
     </span>
     <span class='ocr_line' id='line_1_18' title="bbox 123 1064 1607 1112; baseline -0.002 -8"><span class='ocrx_word' id='word_1_204' title='bbox 123 1070 159 1107; x_wconf 83' lang='lat'>9.</span> <span class='ocrx_word' id='word_1_205' title='bbox 183 1068 218 1110; x_wconf 87' lang='lat'>4,</span> <span class='ocrx_word' id='word_1_206' title='bbox 247 1071 325 1102; x_wconf 90' lang='grc'>120.</span> <span class='ocrx_word' id='word_1_207' title='bbox 362 1068 434 1112; x_wconf 85' lang='lat' dir='ltr'>[ars</span> <span class='ocrx_word' id='word_1_208' title='bbox 457 1070 568 1102; x_wconf 87' lang='lat' dir='ltr'>semel</span> <span class='ocrx_word' id='word_1_209' title='bbox 593 1074 761 1112; x_wconf 84' lang='lat' dir='ltr'>percepta</span> <span class='ocrx_word' id='word_1_210' title='bbox 786 1078 858 1101; x_wconf 90' lang='lat' dir='ltr'>non</span> <span class='ocrx_word' id='word_1_211' title='bbox 884 1067 1014 1100; x_wconf 84' lang='lat' dir='ltr'>labitur</span> <span class='ocrx_word' id='word_1_212' title='bbox 1038 1068 1094 1108; x_wconf 89' lang='lat'>10,</span> <span class='ocrx_word' id='word_1_213' title='bbox 1119 1069 1154 1107; x_wconf 86' lang='lat'>7,</span> <span class='ocrx_word' id='word_1_214' title='bbox 1177 1064 1253 1109; x_wconf 86' lang='grc'>24.]</span> <span class='ocrx_word' id='word_1_215' title='bbox 1292 1071 1372 1099; x_wconf 88' lang='lat' dir='ltr'>nata</span> <span class='ocrx_word' id='word_1_216' title='bbox 1396 1071 1451 1099; x_wconf 89' lang='lat' dir='ltr'>est</span> <span class='ocrx_word' id='word_1_217' title='bbox 1475 1078 1533 1100; x_wconf 86' lang='lat' dir='ltr'>ars</span> <span class='ocrx_word' id='word_1_218' title='bbox 1562 1067 1607 1101; x_wconf 82' lang='lat' dir='ltr'>ab</span> 
     </span>
     <span class='ocr_line' id='line_1_19' title="bbox 125 1110 1606 1157; baseline -0.002 -9"><span class='ocrx_word' id='word_1_219' title='bbox 125 1114 371 1157; x_wconf 80' lang='lat' dir='ltr'>experimento</span> <span class='ocrx_word' id='word_1_220' title='bbox 396 1118 452 1156; x_wconf 89' lang='lat'>11,</span> <span class='ocrx_word' id='word_1_221' title='bbox 466 1118 499 1157; x_wconf 91' lang='grc'>2,</span> <span class='ocrx_word' id='word_1_222' title='bbox 517 1118 571 1149; x_wconf 92' lang='lat'>17.</span> <span class='ocrx_word' id='word_1_223' title='bbox 602 1113 689 1147; x_wconf 85' lang='lat' dir='ltr'>citra</span> <span class='ocrx_word' id='word_1_224' title='bbox 713 1112 947 1146; x_wconf 81' lang='lat' dir='ltr'>constantiam</span> <span class='ocrx_word' id='word_1_225' title='bbox 970 1119 1031 1145; x_wconf 77' lang='lat' dir='ltr'>etc.</span> <span class='ocrx_word' id='word_1_226' title='bbox 1059 1110 1148 1144; x_wconf 86' lang='lat' dir='ltr'>nihil</span> <span class='ocrx_word' id='word_1_227' title='bbox 1173 1122 1230 1144; x_wconf 88' lang='lat' dir='ltr'>ars</span> <span class='ocrx_word' id='word_1_228' title='bbox 1254 1111 1429 1154; x_wconf 85' lang='lat' dir='ltr'>profuerit</span> <span class='ocrx_word' id='word_1_229' title='bbox 1451 1114 1508 1155; x_wconf 84' lang='lat'>12,</span> <span class='ocrx_word' id='word_1_230' title='bbox 1522 1114 1557 1155; x_wconf 88' lang='grc'>5,</span> <span class='ocrx_word' id='word_1_231' title='bbox 1570 1116 1606 1148; x_wconf 91' lang='grc'>2.</span> 
     </span>
     <span class='ocr_line' id='line_1_20' title="bbox 124 1156 1608 1204; baseline -0.004 -11"><span class='ocrx_word' id='word_1_232' title='bbox 124 1161 271 1194; x_wconf 72' lang='lat' dir='ltr'>subesse</span> <span class='ocrx_word' id='word_1_233' title='bbox 296 1166 362 1195; x_wconf 83' lang='lat' dir='ltr'>art.</span> <span class='ocrx_word' id='word_1_234' title='bbox 391 1161 543 1204; x_wconf 77' lang='lat' dir='ltr'>aliquam</span> <span class='ocrx_word' id='word_1_235' title='bbox 569 1162 632 1200; x_wconf 86' lang='lat'>11,</span> <span class='ocrx_word' id='word_1_236' title='bbox 655 1163 704 1201; x_wconf 89' lang='grc'>2,·</span> <span class='ocrx_word' id='word_1_237' title='bbox 722 1160 764 1200; x_wconf 91' lang='grc'>9;</span> <span class='ocrx_word' id='word_1_238' title='bbox 806 1165 929 1192; x_wconf 88' lang='lat' dir='ltr'>artes</span> <span class='ocrx_word' id='word_1_239' title='bbox 957 1163 992 1192; x_wconf 90' lang='lat' dir='ltr'>et</span> <span class='ocrx_word' id='word_1_240' title='bbox 1019 1156 1226 1191; x_wconf 79' lang='lat' dir='ltr'>consilia</span> <span class='ocrx_word' id='word_1_241' title='bbox 1251 1157 1404 1199; x_wconf 81' lang='lat' dir='ltr'>lateant3</span> <span class='ocrx_word' id='word_1_242' title='bbox 1441 1163 1477 1191; x_wconf 91' lang='lat' dir='ltr'>et</span> <span class='ocrx_word' id='word_1_243' title='bbox 1502 1158 1608 1203; x_wconf 76' lang='lat' dir='ltr'>quid-</span> 
     </span>
     <span class='ocr_line' id='line_1_21' title="bbox 123 1202 1609 1254; baseline 0 -16"><span class='ocrx_word' id='word_1_244' title='bbox 123 1203 228 1254; x_wconf 76' lang='lat' dir='ltr'>qnid,</span> <span class='ocrx_word' id='word_1_245' title='bbox 258 1204 291 1238; x_wconf 84' lang='lat' dir='ltr'>si</span> <span class='ocrx_word' id='word_1_246' title='bbox 322 1206 616 1249; x_wconf 75' lang='lat' dir='ltr'>deprehenditur,</span> <span class='ocrx_word' id='word_1_247' title='bbox 649 1204 741 1248; x_wconf 89' lang='lat' dir='ltr'>perit</span> <span class='ocrx_word' id='word_1_248' title='bbox 768 1207 832 1247; x_wconf 84' lang='lat'>12,</span> <span class='ocrx_word' id='word_1_249' title='bbox 855 1205 899 1247; x_wconf 89' lang='grc'>9,</span> <span class='ocrx_word' id='word_1_250' title='bbox 925 1206 959 1238; x_wconf 88' lang='grc'>5.</span> <span class='ocrx_word' id='word_1_251' title='bbox 1000 1209 1092 1237; x_wconf 87' lang='lat' dir='ltr'>artes</span> <span class='ocrx_word' id='word_1_252' title='bbox 1126 1202 1267 1236; x_wconf 87' lang='lat' dir='ltr'>testium</span> <span class='ocrx_word' id='word_1_253' title='bbox 1294 1203 1334 1246; x_wconf 88' lang='lat'>5,</span> <span class='ocrx_word' id='word_1_254' title='bbox 1361 1206 1402 1245; x_wconf 90' lang='lat'>7,</span> <span class='ocrx_word' id='word_1_255' title='bbox 1426 1206 1484 1237; x_wconf 89' lang='grc'>21.</span> <span class='ocrx_word' id='word_1_256' title='bbox 1522 1204 1609 1240; x_wconf 81' lang='lat' dir='ltr'>illae</span> 
     </span>
     <span class='ocr_line' id='line_1_22' title="bbox 121 1248 1610 1294; baseline 0 -9"><span class='ocrx_word' id='word_1_257' title='bbox 121 1250 296 1294; x_wconf 78' lang='lat' dir='ltr'>pessimae</span> <span class='ocrx_word' id='word_1_258' title='bbox 319 1257 429 1293; x_wconf 80' lang='lat' dir='ltr'>artes,</span> <span class='ocrx_word' id='word_1_259' title='bbox 456 1257 582 1285; x_wconf 88' lang='lat' dir='ltr'>testem</span> <span class='ocrx_word' id='word_1_260' title='bbox 606 1252 838 1285; x_wconf 88' lang='lat' dir='ltr'>subornatum</span> <span class='ocrx_word' id='word_1_261' title='bbox 859 1250 897 1283; x_wconf 91' lang='lat' dir='ltr'>in</span> <span class='ocrx_word' id='word_1_262' title='bbox 922 1250 1088 1284; x_wconf 86' lang='lat' dir='ltr'>subsellia</span> <span class='ocrx_word' id='word_1_263' title='bbox 1114 1248 1309 1283; x_wconf 82' lang='lat' dir='ltr'>adversarii</span> <span class='ocrx_word' id='word_1_264' title='bbox 1333 1249 1475 1283; x_wconf 85' lang='lat' dir='ltr'>mittere</span> <span class='ocrx_word' id='word_1_265' title='bbox 1497 1253 1540 1285; x_wconf 77' lang='lat' dir='ltr'>ib.</span> <span class='ocrx_word' id='word_1_266' title='bbox 1551 1253 1610 1287; x_wconf 85' lang='grc'>32.</span> 
     </span>
     <span class='ocr_line' id='line_1_23' title="bbox 121 1294 1610 1341; baseline 0 -10"><span class='ocrx_word' id='word_1_267' title='bbox 121 1295 168 1341; x_wconf 79' lang='grc' dir='ltr'>β)</span> <span class='ocrx_word' id='word_1_268' title='bbox 196 1298 327 1331; x_wconf 70' lang='lat' dir='ltr'>Genii..-</span> <span class='ocrx_word' id='word_1_269' title='bbox 353 1297 591 1331; x_wconf 84' lang='lat' dir='ltr'>dissimulator</span> <span class='ocrx_word' id='word_1_270' title='bbox 615 1298 699 1331; x_wconf 86' lang='lat' dir='ltr'>artis</span> <span class='ocrx_word' id='word_1_271' title='bbox 726 1300 760 1338; x_wconf 85' lang='lat'>2,</span> <span class='ocrx_word' id='word_1_272' title='bbox 783 1300 839 1338; x_wconf 90' lang='lat'>17,</span> <span class='ocrx_word' id='word_1_273' title='bbox 859 1297 894 1330; x_wconf 82' lang='lat'><strong>6.</strong></span> <span class='ocrx_word' id='word_1_274' title='bbox 924 1296 1006 1340; x_wconf 84' lang='lat' dir='ltr'>quia</span> <span class='ocrx_word' id='word_1_275' title='bbox 1029 1295 1165 1338; x_wconf 83' lang='lat' dir='ltr'>judices</span> <span class='ocrx_word' id='word_1_276' title='bbox 1189 1294 1309 1328; x_wconf 88' lang='lat' dir='ltr'>artis</span> <span class='ocrx_word' id='word_1_277' title='bbox 1335 1295 1469 1329; x_wconf 88' lang='lat' dir='ltr'>habent</span> <span class='ocrx_word' id='word_1_278' title='bbox 1496 1303 1564 1330; x_wconf 84' lang='lat' dir='ltr'>art</span> <span class='ocrx_word' id='word_1_279' title='bbox 1575 1297 1610 1331; x_wconf 86' lang='lat' dir='ltr'>i-</span> 
     </span>
     <span class='ocr_line' id='line_1_24' title="bbox 122 1340 1610 1396; baseline 0 -21"><span class='ocrx_word' id='word_1_280' title='bbox 122 1341 242 1376; x_wconf 84' lang='lat' dir='ltr'>fices</span> <span class='ocrx_word' id='word_1_281' title='bbox 270 1345 324 1385; x_wconf 87' lang='grc'>12,</span> <span class='ocrx_word' id='word_1_282' title='bbox 343 1345 400 1385; x_wconf 91' lang='grc'>10,</span> <span class='ocrx_word' id='word_1_283' title='bbox 422 1344 478 1377; x_wconf 91' lang='grc'>50.</span> <span class='ocrx_word' id='word_1_284' title='bbox 529 1343 623 1389; x_wconf 85' lang='lat' dir='ltr'>Quid</span> <span class='ocrx_word' id='word_1_285' title='bbox 650 1353 735 1396; x_wconf 74' lang='lat' dir='ltr'>ergo</span> <span class='ocrx_word' id='word_1_286' title='bbox 759 1347 896 1376; x_wconf 88' lang='lat' dir='ltr'>tantum</span> <span class='ocrx_word' id='word_1_287' title='bbox 921 1348 975 1376; x_wconf 92' lang='lat' dir='ltr'>est</span> <span class='ocrx_word' id='word_1_288' title='bbox 999 1341 1084 1375; x_wconf 88' lang='lat' dir='ltr'>artis</span> <span class='ocrx_word' id='word_1_289' title='bbox 1110 1341 1149 1374; x_wconf 92' lang='lat' dir='ltr'>in</span> <span class='ocrx_word' id='word_1_290' title='bbox 1172 1340 1401 1384; x_wconf 76' lang='lat' dir='ltr'>eloquentia?</span> <span class='ocrx_word' id='word_1_291' title='bbox 1427 1344 1485 1384; x_wconf 84' lang='lat'>12,</span> <span class='ocrx_word' id='word_1_292' title='bbox 1503 1345 1535 1385; x_wconf 87' lang='lat'>1,</span> <span class='ocrx_word' id='word_1_293' title='bbox 1550 1345 1610 1378; x_wconf 82' lang='lat'><strong>33.</strong></span> 
     </span>
     <span class='ocr_line' id='line_1_25' title="bbox 121 1387 1610 1434; baseline 0.001 -13"><span class='ocrx_word' id='word_1_294' title='bbox 121 1397 202 1431; x_wconf 65' lang='lat' dir='ltr'>non,</span> <span class='ocrx_word' id='word_1_295' title='bbox 218 1397 297 1422; x_wconf 79' lang='lat' dir='ltr'>esse</span> <span class='ocrx_word' id='word_1_296' title='bbox 323 1389 407 1422; x_wconf 86' lang='lat' dir='ltr'>artis</span> <span class='ocrx_word' id='word_1_297' title='bbox 430 1389 487 1432; x_wconf 91' lang='lat' dir='ltr'>id,</span> <span class='ocrx_word' id='word_1_298' title='bbox 516 1391 612 1434; x_wconf 80' lang='lat' dir='ltr'>quod</span> <span class='ocrx_word' id='word_1_299' title='bbox 638 1390 766 1430; x_wconf 78' lang='lat' dir='ltr'>faciat,</span> <span class='ocrx_word' id='word_1_300' title='bbox 794 1388 855 1432; x_wconf 78' lang='lat' dir='ltr'>qui</span> <span class='ocrx_word' id='word_1_301' title='bbox 879 1398 952 1421; x_wconf 89' lang='lat' dir='ltr'>non</span> <span class='ocrx_word' id='word_1_302' title='bbox 980 1387 1143 1421; x_wconf 87' lang='lat' dir='ltr'>didicerit</span> <span class='ocrx_word' id='word_1_303' title='bbox 1167 1390 1202 1428; x_wconf 88' lang='lat'>2,</span> <span class='ocrx_word' id='word_1_304' title='bbox 1227 1390 1283 1430; x_wconf 79' lang='lat'>17,</span> <span class='ocrx_word' id='word_1_305' title='bbox 1309 1389 1365 1420; x_wconf 91' lang='lat'><strong>11.</strong></span> <span class='ocrx_word' id='word_1_306' title='bbox 1396 1387 1497 1431; x_wconf 82' lang='lat' dir='ltr'>cujus</span> <span class='ocrx_word' id='word_1_307' title='bbox 1524 1389 1610 1423; x_wconf 76' lang='lat' dir='ltr'>artis</span> 
     </span>
     <span class='ocr_line' id='line_1_26' title="bbox 123 1432 1610 1479; baseline 0.001 -12"><span class='ocrx_word' id='word_1_308' title='bbox 123 1439 198 1476; x_wconf 83' lang='lat' dir='ltr'>est,</span> <span class='ocrx_word' id='word_1_309' title='bbox 229 1435 358 1468; x_wconf 75' lang='lat' dir='ltr'>malam</span> <span class='ocrx_word' id='word_1_310' title='bbox 389 1446 469 1468; x_wconf 85' lang='lat' dir='ltr'>esse</span> <span class='ocrx_word' id='word_1_311' title='bbox 496 1447 640 1469; x_wconf 86' lang='lat' dir='ltr'>causam</span> <span class='ocrx_word' id='word_1_312' title='bbox 672 1434 813 1468; x_wconf 81' lang='lat' dir='ltr'>silentio</span> <span class='ocrx_word' id='word_1_313' title='bbox 843 1433 1005 1467; x_wconf 85' lang='lat' dir='ltr'>confiteri</span> <span class='ocrx_word' id='word_1_314' title='bbox 1029 1432 1076 1476; x_wconf 85' lang='lat'>4,</span> <span class='ocrx_word' id='word_1_315' title='bbox 1103 1436 1147 1475; x_wconf 88' lang='lat'>2,</span> <span class='ocrx_word' id='word_1_316' title='bbox 1175 1433 1231 1467; x_wconf 85' lang='lat'><strong>66.</strong></span> <span class='ocrx_word' id='word_1_317' title='bbox 1274 1432 1369 1466; x_wconf 89' lang='lat' dir='ltr'>aliud</span> <span class='ocrx_word' id='word_1_318' title='bbox 1396 1434 1610 1479; x_wconf 76' lang='lat' dir='ltr'>ostendisse,</span> 
     </span>
     <span class='ocr_line' id='line_1_27' title="bbox 123 1478 1611 1524; baseline 0.003 -12"><span class='ocrx_word' id='word_1_319' title='bbox 123 1483 230 1524; x_wconf 69' lang='lat' dir='ltr'>qtiam</span> <span class='ocrx_word' id='word_1_320' title='bbox 253 1485 371 1524; x_wconf 87' lang='lat' dir='ltr'>petas,</span> <span class='ocrx_word' id='word_1_321' title='bbox 397 1481 481 1514; x_wconf 86' lang='lat' dir='ltr'>artis</span> <span class='ocrx_word' id='word_1_322' title='bbox 505 1487 558 1515; x_wconf 88' lang='lat' dir='ltr'>est</span> <span class='ocrx_word' id='word_1_323' title='bbox 579 1483 614 1523; x_wconf 95' lang='lat'>9,</span> <span class='ocrx_word' id='word_1_324' title='bbox 630 1484 663 1521; x_wconf 89' lang='lat'>1,</span> <span class='ocrx_word' id='word_1_325' title='bbox 678 1483 735 1514; x_wconf 88' lang='grc'>20.</span> <span class='ocrx_word' id='word_1_326' title='bbox 764 1481 882 1523; x_wconf 83' lang='lat' dir='ltr'>palam</span> <span class='ocrx_word' id='word_1_327' title='bbox 907 1478 1086 1513; x_wconf 89' lang='lat' dir='ltr'>contraria</span> <span class='ocrx_word' id='word_1_328' title='bbox 1105 1486 1165 1512; x_wconf 77' lang='lat' dir='ltr'>etc.</span> <span class='ocrx_word' id='word_1_329' title='bbox 1188 1479 1453 1522; x_wconf 83' lang='lat' dir='ltr'>reprehendere</span> <span class='ocrx_word' id='word_1_330' title='bbox 1477 1481 1611 1516; x_wconf 80' lang='lat' dir='ltr'>nullius</span> 
     </span>
    </p>
   </div>
   <div class='ocr_carea' id='block_1_3' title="bbox 67 1523 1609 1577">
    <p class='ocr_par' dir='ltr' id='par_1_4' title="bbox 67 1523 1609 1577">
     <span class='ocr_line' id='line_1_28' title="bbox 67 1523 1609 1577; baseline 0.003 -20"><span class='ocrx_word' id='word_1_331' title='bbox 67 1535 73 1538; x_wconf 84' lang='lat'>·</span> <span class='ocrx_word' id='word_1_332' title='bbox 125 1525 211 1558; x_wconf 84' lang='lat' dir='ltr'>artis</span> <span class='ocrx_word' id='word_1_333' title='bbox 236 1530 289 1558; x_wconf 89' lang='lat' dir='ltr'>est</span> <span class='ocrx_word' id='word_1_334' title='bbox 315 1526 349 1568; x_wconf 90' lang='grc'>5,</span> <span class='ocrx_word' id='word_1_335' title='bbox 374 1528 429 1569; x_wconf 88' lang='grc'>13,</span> <span class='ocrx_word' id='word_1_336' title='bbox 455 1527 510 1561; x_wconf 92' lang='grc'>16.</span> <span class='ocrx_word' id='word_1_337' title='bbox 543 1526 644 1560; x_wconf 83' lang='lat' dir='ltr'>multi</span> <span class='ocrx_word' id='word_1_338' title='bbox 670 1538 727 1559; x_wconf 90' lang='lat' dir='ltr'>res</span> <span class='ocrx_word' id='word_1_339' title='bbox 755 1527 846 1568; x_wconf 87' lang='lat' dir='ltr'><strong>(Sp.</strong></span> <span class='ocrx_word' id='word_1_340' title='bbox 876 1525 915 1559; x_wconf 90' lang='lat' dir='ltr'>in</span> <span class='ocrx_word' id='word_1_341' title='bbox 940 1524 1006 1568; x_wconf 85' lang='lat' dir='ltr'>re)</span> <span class='ocrx_word' id='word_1_342' title='bbox 1036 1523 1234 1559; x_wconf 91' lang='lat' dir='ltr'>consilii</span> <span class='ocrx_word' id='word_1_343' title='bbox 1262 1530 1368 1577; x_wconf 70' lang='lat' dir='ltr'>atque</span> <span class='ocrx_word' id='word_1_344' title='bbox 1395 1525 1515 1560; x_wconf 89' lang='lat' dir='ltr'>artis</span> <span class='ocrx_word' id='word_1_345' title='bbox 1541 1532 1609 1570; x_wconf 86' lang='lat' dir='ltr'>est,</span> 
     </span>
    </p>
   </div>
   <div class='ocr_carea' id='block_1_4' title="bbox 123 1571 1611 1618">
    <p class='ocr_par' dir='ltr' id='par_1_5' title="bbox 123 1571 1611 1618">
     <span class='ocr_line' id='line_1_29' title="bbox 123 1571 1611 1618; baseline 0.003 -15"><span class='ocrx_word' id='word_1_346' title='bbox 123 1575 174 1603; x_wconf 86' lang='lat' dir='ltr'>ut</span> <span class='ocrx_word' id='word_1_347' title='bbox 198 1571 442 1605; x_wconf 83' lang='lat' dir='ltr'>adversarium</span> <span class='ocrx_word' id='word_1_348' title='bbox 465 1573 582 1606; x_wconf 87' lang='lat' dir='ltr'>trahas</span> <span class='ocrx_word' id='word_1_349' title='bbox 605 1573 638 1613; x_wconf 89' lang='grc'>6,</span> <span class='ocrx_word' id='word_1_350' title='bbox 664 1571 700 1614; x_wconf 88' lang='grc'>4,</span> <span class='ocrx_word' id='word_1_351' title='bbox 726 1575 780 1606; x_wconf 80' lang='lat'>17.</span> <span class='ocrx_word' id='word_1_352' title='bbox 811 1573 903 1605; x_wconf 86' lang='lat' dir='ltr'>solet</span> <span class='ocrx_word' id='word_1_353' title='bbox 927 1572 999 1605; x_wconf 86' lang='lat' dir='ltr'>hoc</span> <span class='ocrx_word' id='word_1_354' title='bbox 1023 1581 1165 1615; x_wconf 73' lang='lat' dir='ltr'>quoque</span> <span class='ocrx_word' id='word_1_355' title='bbox 1190 1581 1269 1604; x_wconf 84' lang='lat' dir='ltr'>esse</span> <span class='ocrx_word' id='word_1_356' title='bbox 1293 1575 1377 1605; x_wconf 76' lang='lat' dir='ltr'>artis</span> <span class='ocrx_word' id='word_1_357' title='bbox 1404 1581 1536 1618; x_wconf 84' lang='lat' dir='ltr'>genus.</span> <span class='ocrx_word' id='word_1_358' title='bbox 1563 1578 1611 1607; x_wconf 88' lang='lat' dir='ltr'>ut</span> 
     </span>
    </p>
   </div>
   <div class='ocr_carea' id='block_1_5' title="bbox 75 1615 1611 1661">
    <p class='ocr_par' dir='ltr' id='par_1_6' title="bbox 75 1615 1611 1661">
     <span class='ocr_line' id='line_1_30' title="bbox 75 1615 1611 1661; baseline 0.002 -11"><span class='ocrx_word' id='word_1_359' title='bbox 75 1643 78 1644; x_wconf 16' lang='grc' dir='ltr'><em>γ</em></span> <span class='ocrx_word' id='word_1_360' title='bbox 126 1617 299 1660; x_wconf 77' lang='lat' dir='ltr'>quaedam</span> <span class='ocrx_word' id='word_1_361' title='bbox 323 1616 363 1651; x_wconf 88' lang='lat' dir='ltr'>in</span> <span class='ocrx_word' id='word_1_362' title='bbox 389 1618 529 1652; x_wconf 87' lang='lat' dir='ltr'>actione</span> <span class='ocrx_word' id='word_1_363' title='bbox 556 1617 772 1651; x_wconf 85' lang='lat' dir='ltr'>dissimulata</span> <span class='ocrx_word' id='word_1_364' title='bbox 797 1618 1027 1661; x_wconf 85' lang='lat' dir='ltr'>proferantur</span> <span class='ocrx_word' id='word_1_365' title='bbox 1059 1619 1102 1650; x_wconf 83' lang='lat' dir='ltr'>ib.</span> <span class='ocrx_word' id='word_1_366' title='bbox 1129 1615 1195 1658; x_wconf 75' lang='lat'>143</span> <span class='ocrx_word' id='word_1_367' title='bbox 1234 1616 1426 1660; x_wconf 80' lang='lat' dir='ltr'>plurimum</span> <span class='ocrx_word' id='word_1_368' title='bbox 1460 1617 1546 1652; x_wconf 85' lang='lat' dir='ltr'>artis</span> <span class='ocrx_word' id='word_1_369' title='bbox 1572 1618 1611 1653; x_wconf 85' lang='lat' dir='ltr'>in</span> 
     </span>
    </p>
   </div>
   <div class='ocr_carea' id='block_1_6' title="bbox 125 1661 1611 1709">
    <p class='ocr_par' dir='ltr' id='par_1_7' title="bbox 125 1661 1611 1709">
     <span class='ocr_line' id='line_1_31' title="bbox 125 1661 1611 1709; baseline 0.002 -14"><span class='ocrx_word' id='word_1_370' title='bbox 125 1661 364 1707; x_wconf 74' lang='lat' dir='ltr'>eioquentiam</span> <span class='ocrx_word' id='word_1_371' title='bbox 386 1663 583 1697; x_wconf 82' lang='lat' dir='ltr'>intulerunt</span> <span class='ocrx_word' id='word_1_372' title='bbox 608 1667 663 1706; x_wconf 89' lang='lat'>10,</span> <span class='ocrx_word' id='word_1_373' title='bbox 683 1665 717 1706; x_wconf 87' lang='lat'>5,</span> <span class='ocrx_word' id='word_1_374' title='bbox 738 1665 771 1697; x_wconf 87' lang='grc'>3.</span> <span class='ocrx_word' id='word_1_375' title='bbox 803 1668 924 1709; x_wconf 80' lang='lat' dir='ltr'>egeret</span> <span class='ocrx_word' id='word_1_376' title='bbox 950 1662 1035 1696; x_wconf 81' lang='lat' dir='ltr'>artis</span> <span class='ocrx_word' id='word_1_377' title='bbox 1061 1663 1124 1697; x_wconf 69' lang='lat' dir='ltr'>vel</span> <span class='ocrx_word' id='word_1_378' title='bbox 1147 1663 1192 1696; x_wconf 92' lang='lat' dir='ltr'>ad</span> <span class='ocrx_word' id='word_1_379' title='bbox 1218 1661 1415 1695; x_wconf 81' lang='lat' dir='ltr'>fallendum</span> <span class='ocrx_word' id='word_1_380' title='bbox 1441 1664 1476 1706; x_wconf 83' lang='lat'>3,</span> <span class='ocrx_word' id='word_1_381' title='bbox 1495 1665 1531 1707; x_wconf 92' lang='grc'>8,</span> <span class='ocrx_word' id='word_1_382' title='bbox 1550 1665 1611 1699; x_wconf 89' lang='grc'>63.</span> 
     </span>
    </p>
   </div>
   <div class='ocr_carea' id='block_1_7' title="bbox 98 1707 1612 1787">
    <p class='ocr_par' dir='ltr' id='par_1_8' title="bbox 98 1707 1612 1787">
     <span class='ocr_line' id='line_1_32' title="bbox 98 1707 1612 1787; baseline 0.003 -47"><span class='ocrx_word' id='word_1_383' title='bbox 98 1707 244 1747; x_wconf 58' lang='lat' dir='ltr'>sartis</span> <span class='ocrx_word' id='word_1_384' title='bbox 269 1719 426 1787; x_wconf 48' lang='lat' dir='ltr'>maffina</span> <span class='ocrx_word' id='word_1_385' title='bbox 449 1721 530 1753; x_wconf 90' lang='lat' dir='ltr'>pars</span> <span class='ocrx_word' id='word_1_386' title='bbox 556 1710 780 1743; x_wconf 88' lang='lat' dir='ltr'>contineatur</span> <span class='ocrx_word' id='word_1_387' title='bbox 802 1708 1064 1742; x_wconf 84' lang='lat' dir='ltr'>imitatione</span> <span class='ocrx_word' id='word_1_388' title='bbox 1083 1710 1140 1751; x_wconf 88' lang='lat'>10,</span> <span class='ocrx_word' id='word_1_389' title='bbox 1152 1710 1234 1750; x_wconf 84' lang='lat'>2,1.</span> <span class='ocrx_word' id='word_1_390' title='bbox 1262 1719 1331 1741; x_wconf 87' lang='lat' dir='ltr'>nec</span> <span class='ocrx_word' id='word_1_391' title='bbox 1352 1708 1469 1742; x_wconf 84' lang='lat' dir='ltr'>minus</span> <span class='ocrx_word' id='word_1_392' title='bbox 1496 1709 1612 1763; x_wconf 65' lang='lat' dir='ltr'>artis</span> 
     </span>
    </p>
   </div>
   <div class='ocr_carea' id='block_1_8' title="bbox 125 1754 1616 2116">
    <p class='ocr_par' dir='ltr' id='par_1_9' title="bbox 125 1754 1616 2116">
     <span class='ocr_line' id='line_1_33' title="bbox 125 1754 1612 1799; baseline 0.003 -13"><span class='ocrx_word' id='word_1_393' title='bbox 125 1757 190 1786; x_wconf 85' lang='lat' dir='ltr'>aut</span> <span class='ocrx_word' id='word_1_394' title='bbox 214 1764 323 1789; x_wconf 79' lang='lat' dir='ltr'>nans</span> <span class='ocrx_word' id='word_1_395' title='bbox 375 1754 387 1787; x_wconf 90' lang='lat' dir='ltr'>i</span> <span class='ocrx_word' id='word_1_396' title='bbox 413 1755 568 1790; x_wconf 89' lang='lat' dir='ltr'>leniores</span> <span class='ocrx_word' id='word_1_397' title='bbox 594 1756 728 1789; x_wconf 89' lang='lat' dir='ltr'>habent</span> <span class='ocrx_word' id='word_1_398' title='bbox 757 1755 923 1798; x_wconf 60' lang='lat' dir='ltr'>(affectus)</span> <span class='ocrx_word' id='word_1_399' title='bbox 951 1755 987 1797; x_wconf 89' lang='lat'>6,</span> <span class='ocrx_word' id='word_1_400' title='bbox 1007 1757 1043 1796; x_wconf 93' lang='grc'>2,</span> <span class='ocrx_word' id='word_1_401' title='bbox 1070 1756 1125 1788; x_wconf 91' lang='grc'>10.</span> <span class='ocrx_word' id='word_1_402' title='bbox 1172 1761 1206 1799; x_wconf 61' lang='grc' dir='ltr'>γ’</span> <span class='ocrx_word' id='word_1_403' title='bbox 1237 1756 1347 1789; x_wconf 71' lang='lat' dir='ltr'>Dat..-</span> <span class='ocrx_word' id='word_1_404' title='bbox 1374 1755 1464 1788; x_wconf 90' lang='lat' dir='ltr'>adeo</span> <span class='ocrx_word' id='word_1_405' title='bbox 1487 1755 1612 1790; x_wconf 78' lang='lat' dir='ltr'>similis</span> 
     </span>
     <span class='ocr_line' id='line_1_34' title="bbox 128 1798 1614 1845; baseline 0.003 -14"><span class='ocrx_word' id='word_1_406' title='bbox 128 1804 184 1832; x_wconf 82' lang='lat' dir='ltr'>est</span> <span class='ocrx_word' id='word_1_407' title='bbox 217 1799 310 1832; x_wconf 87' lang='lat' dir='ltr'>arti</span> <span class='ocrx_word' id='word_1_408' title='bbox 342 1801 550 1845; x_wconf 82' lang='lat' dir='ltr'>plerumque</span> <span class='ocrx_word' id='word_1_409' title='bbox 579 1807 742 1834; x_wconf 88' lang='lat' dir='ltr'>natura</span> <span class='ocrx_word' id='word_1_410' title='bbox 769 1802 804 1842; x_wconf 90' lang='grc'>8,</span> <span class='ocrx_word' id='word_1_411' title='bbox 830 1802 866 1843; x_wconf 85' lang='lat'>3,</span> <span class='ocrx_word' id='word_1_412' title='bbox 883 1801 948 1835; x_wconf 61' lang='grc'>&lt;86.</span> <span class='ocrx_word' id='word_1_413' title='bbox 989 1800 1081 1833; x_wconf 87' lang='lat' dir='ltr'>haec</span> <span class='ocrx_word' id='word_1_414' title='bbox 1106 1799 1230 1832; x_wconf 90' lang='lat' dir='ltr'>ratio</span> <span class='ocrx_word' id='word_1_415' title='bbox 1257 1805 1310 1833; x_wconf 87' lang='lat' dir='ltr'>est</span> <span class='ocrx_word' id='word_1_416' title='bbox 1335 1798 1388 1832; x_wconf 83' lang='lat' dir='ltr'>ini</span> <span class='ocrx_word' id='word_1_417' title='bbox 1415 1800 1506 1834; x_wconf 89' lang='lat' dir='ltr'>arti</span> <span class='ocrx_word' id='word_1_418' title='bbox 1538 1811 1614 1836; x_wconf 86' lang='lat' dir='ltr'>non</span> 
     </span>
     <span class='ocr_line' id='line_1_35' title="bbox 129 1843 1614 1890; baseline 0.003 -14"><span class='ocrx_word' id='word_1_419' title='bbox 129 1843 307 1878; x_wconf 77' lang='lat' dir='ltr'>dissimilis</span> <span class='ocrx_word' id='word_1_420' title='bbox 333 1848 394 1886; x_wconf 87' lang='lat'>11,</span> <span class='ocrx_word' id='word_1_421' title='bbox 417 1849 458 1888; x_wconf 92' lang='grc'>2,</span> <span class='ocrx_word' id='word_1_422' title='bbox 485 1849 542 1880; x_wconf 85' lang='grc'>33.</span> <span class='ocrx_word' id='word_1_423' title='bbox 581 1846 768 1881; x_wconf 84' lang='lat' dir='ltr'>vetustatis</span> <span class='ocrx_word' id='word_1_424' title='bbox 790 1845 1037 1879; x_wconf 87' lang='lat' dir='ltr'>inimitabilem</span> <span class='ocrx_word' id='word_1_425' title='bbox 1061 1845 1127 1878; x_wconf 89' lang='lat' dir='ltr'>arti</span> <span class='ocrx_word' id='word_1_426' title='bbox 1152 1845 1398 1878; x_wconf 84' lang='lat' dir='ltr'>auctoritatem</span> <span class='ocrx_word' id='word_1_427' title='bbox 1421 1846 1464 1887; x_wconf 88' lang='grc'>8,</span> <span class='ocrx_word' id='word_1_428' title='bbox 1488 1848 1532 1890; x_wconf 88' lang='grc'>3,</span> <span class='ocrx_word' id='word_1_429' title='bbox 1554 1849 1614 1883; x_wconf 81' lang='grc'>25.</span> 
     </span>
     <span class='ocr_line' id='line_1_36' title="bbox 128 1884 1614 1936; baseline 0.003 -15"><span class='ocrx_word' id='word_1_430' title='bbox 128 1884 168 1931; x_wconf 75' lang='grc' dir='ltr'>δ)</span> <span class='ocrx_word' id='word_1_431' title='bbox 193 1891 376 1924; x_wconf 72' lang='lat' dir='ltr'>Aceusat..·</span> <span class='ocrx_word' id='word_1_432' title='bbox 405 1891 491 1925; x_wconf 87' lang='lat' dir='ltr'>alias</span> <span class='ocrx_word' id='word_1_433' title='bbox 517 1893 562 1925; x_wconf 81' lang='lat' dir='ltr'>ad</span> <span class='ocrx_word' id='word_1_434' title='bbox 588 1893 788 1926; x_wconf 87' lang='lat' dir='ltr'>docendum</span> <span class='ocrx_word' id='word_1_435' title='bbox 816 1891 903 1925; x_wconf 83' lang='lat' dir='ltr'>alias</span> <span class='ocrx_word' id='word_1_436' title='bbox 925 1892 968 1924; x_wconf 84' lang='lat' dir='ltr'>ad</span> <span class='ocrx_word' id='word_1_437' title='bbox 992 1891 1210 1925; x_wconf 79' lang='lat' dir='ltr'>movendum</span> <span class='ocrx_word' id='word_1_438' title='bbox 1234 1890 1415 1924; x_wconf 81' lang='lat' dir='ltr'>adhibebit</span> <span class='ocrx_word' id='word_1_439' title='bbox 1439 1898 1534 1926; x_wconf 84' lang='lat' dir='ltr'>artes</span> <span class='ocrx_word' id='word_1_440' title='bbox 1555 1896 1614 1936; x_wconf 86' lang='lat'>12,</span> 
     </span>
     <span class='ocr_line' id='line_1_37' title="bbox 131 1934 1615 1982; baseline 0.005 -16"><span class='ocrx_word' id='word_1_441' title='bbox 131 1935 189 1974; x_wconf 84' lang='lat'>10,</span> <span class='ocrx_word' id='word_1_442' title='bbox 208 1935 266 1967; x_wconf 87' lang='lat'>70.</span> <span class='ocrx_word' id='word_1_443' title='bbox 304 1934 348 1974; x_wconf 82' lang='lat' dir='ltr'>cs.</span> <span class='ocrx_word' id='word_1_444' title='bbox 373 1934 409 1976; x_wconf 95' lang='lat'>4,</span> <span class='ocrx_word' id='word_1_445' title='bbox 433 1939 468 1978; x_wconf 83' lang='lat'>2,</span> <span class='ocrx_word' id='word_1_446' title='bbox 493 1938 548 1971; x_wconf 89' lang='grc'>51.</span> <span class='ocrx_word' id='word_1_447' title='bbox 572 1947 698 1970; x_wconf 89' lang='lat' dir='ltr'>omnes</span> <span class='ocrx_word' id='word_1_448' title='bbox 722 1937 863 1970; x_wconf 86' lang='lat' dir='ltr'>dicendi</span> <span class='ocrx_word' id='word_1_449' title='bbox 886 1936 999 1980; x_wconf 86' lang='lat' dir='ltr'>aperit</span> <span class='ocrx_word' id='word_1_450' title='bbox 1022 1942 1115 1969; x_wconf 87' lang='lat' dir='ltr'>artes</span> <span class='ocrx_word' id='word_1_451' title='bbox 1141 1937 1176 1977; x_wconf 90' lang='grc'>8,</span> <span class='ocrx_word' id='word_1_452' title='bbox 1194 1938 1228 1977; x_wconf 92' lang='grc'>3,</span> <span class='ocrx_word' id='word_1_453' title='bbox 1249 1939 1305 1970; x_wconf 91' lang='grc'>11.</span> <span class='ocrx_word' id='word_1_454' title='bbox 1332 1946 1497 1980; x_wconf 79' lang='lat' dir='ltr'>omnem,</span> <span class='ocrx_word' id='word_1_455' title='bbox 1519 1949 1615 1982; x_wconf 83' lang='lat' dir='ltr'>quae</span> 
     </span>
     <span class='ocr_line' id='line_1_38' title="bbox 130 1977 1616 2024; baseline 0.005 -14"><span class='ocrx_word' id='word_1_456' title='bbox 130 1977 244 2011; x_wconf 86' lang='lat' dir='ltr'>latere</span> <span class='ocrx_word' id='word_1_457' title='bbox 269 1979 477 2024; x_wconf 78' lang='lat' dir='ltr'>plerumque</span> <span class='ocrx_word' id='word_1_458' title='bbox 501 1982 539 2014; x_wconf 92' lang='lat' dir='ltr'>in</span> <span class='ocrx_word' id='word_1_459' title='bbox 562 1982 702 2024; x_wconf 80' lang='lat' dir='ltr'>judiciis</span> <span class='ocrx_word' id='word_1_460' title='bbox 730 1983 854 2024; x_wconf 85' lang='lat' dir='ltr'>debet,</span> <span class='ocrx_word' id='word_1_461' title='bbox 881 1988 945 2015; x_wconf 87' lang='lat' dir='ltr'>art.</span> <span class='ocrx_word' id='word_1_462' title='bbox 971 1991 1046 2014; x_wconf 92' lang='lat' dir='ltr'>non</span> <span class='ocrx_word' id='word_1_463' title='bbox 1070 1981 1231 2015; x_wconf 88' lang='lat' dir='ltr'>confiteri</span> <span class='ocrx_word' id='word_1_464' title='bbox 1254 1982 1374 2024; x_wconf 85' lang='lat' dir='ltr'>modo,</span> <span class='ocrx_word' id='word_1_465' title='bbox 1402 1984 1466 2015; x_wconf 89' lang='lat' dir='ltr'>sed</span> <span class='ocrx_word' id='word_1_466' title='bbox 1490 1989 1616 2018; x_wconf 76' lang='lat' dir='ltr'>osten-</span> 
     </span>
     <span class='ocr_line' id='line_1_39' title="bbox 133 2023 1616 2070; baseline 0.006 -15"><span class='ocrx_word' id='word_1_467' title='bbox 133 2027 210 2056; x_wconf 76' lang='lat' dir='ltr'>tare</span> <span class='ocrx_word' id='word_1_468' title='bbox 237 2023 343 2056; x_wconf 81' lang='lat' dir='ltr'>etiam</span> <span class='ocrx_word' id='word_1_469' title='bbox 369 2027 411 2066; x_wconf 89' lang='lat'>2,</span> <span class='ocrx_word' id='word_1_470' title='bbox 441 2028 505 2068; x_wconf 88' lang='lat'>10,</span> <span class='ocrx_word' id='word_1_471' title='bbox 530 2029 585 2059; x_wconf 89' lang='lat'><strong>11.</strong></span> <span class='ocrx_word' id='word_1_472' title='bbox 622 2027 824 2070; x_wconf 80' lang='lat' dir='ltr'>ubimmque</span> <span class='ocrx_word' id='word_1_473' title='bbox 851 2038 924 2060; x_wconf 88' lang='lat' dir='ltr'>ars</span> <span class='ocrx_word' id='word_1_474' title='bbox 949 2032 1165 2068; x_wconf 86' lang='lat' dir='ltr'>ostentatur,</span> <span class='ocrx_word' id='word_1_475' title='bbox 1191 2026 1380 2060; x_wconf 84' lang='lat' dir='ltr'>veritas</span> <span class='ocrx_word' id='word_1_476' title='bbox 1404 2028 1530 2062; x_wconf 83' lang='lat' dir='ltr'>abesse</span> <span class='ocrx_word' id='word_1_477' title='bbox 1555 2029 1616 2064; x_wconf 77' lang='lat' dir='ltr'>vi-</span> 
     </span>
     <span class='ocr_line' id='line_1_40' title="bbox 134 2068 1614 2116; baseline 0.005 -16"><span class='ocrx_word' id='word_1_478' title='bbox 134 2068 260 2101; x_wconf 86' lang='lat' dir='ltr'>deatur</span> <span class='ocrx_word' id='word_1_479' title='bbox 282 2069 318 2110; x_wconf 87' lang='lat'>9,</span> <span class='ocrx_word' id='word_1_480' title='bbox 342 2070 377 2111; x_wconf 89' lang='lat'>3,</span> <span class='ocrx_word' id='word_1_481' title='bbox 403 2071 480 2104; x_wconf 89' lang='grc'>102.</span> <span class='ocrx_word' id='word_1_482' title='bbox 516 2070 601 2104; x_wconf 90' lang='lat' dir='ltr'>hinc</span> <span class='ocrx_word' id='word_1_483' title='bbox 624 2071 719 2104; x_wconf 89' lang='lat' dir='ltr'>mille</span> <span class='ocrx_word' id='word_1_484' title='bbox 752 2072 913 2105; x_wconf 81' lang='lat' dir='ltr'>flexus</span> <span class='ocrx_word' id='word_1_485' title='bbox 948 2077 983 2105; x_wconf 91' lang='lat' dir='ltr'>et</span> <span class='ocrx_word' id='word_1_486' title='bbox 1012 2078 1136 2105; x_wconf 83' lang='lat' dir='ltr'>artes</span> <span class='ocrx_word' id='word_1_487' title='bbox 1165 2071 1411 2104; x_wconf 82' lang='lat' dir='ltr'>desiderantur</span> <span class='ocrx_word' id='word_1_488' title='bbox 1438 2073 1472 2116; x_wconf 90' lang='grc'>5,</span> <span class='ocrx_word' id='word_1_489' title='bbox 1497 2075 1554 2116; x_wconf 82' lang='lat'>13&#39;,</span> <span class='ocrx_word' id='word_1_490' title='bbox 1576 2077 1614 2109; x_wconf 88' lang='grc'>2.</span> 
     </span>
    </p>
   </div>
   <div class='ocr_carea' id='block_1_9' title="bbox 103 2113 1614 2165">
    <p class='ocr_par' dir='ltr' id='par_1_10' title="bbox 103 2113 1614 2165">
     <span class='ocr_line' id='line_1_41' title="bbox 103 2113 1614 2165; baseline 0.003 -19"><span class='ocrx_word' id='word_1_491' title='bbox 103 2142 112 2146; x_wconf 82' lang='grc'>-</span> <span class='ocrx_word' id='word_1_492' title='bbox 134 2123 260 2148; x_wconf 86' lang='lat' dir='ltr'>omnes</span> <span class='ocrx_word' id='word_1_493' title='bbox 291 2113 407 2147; x_wconf 81' lang='lat' dir='ltr'>litium</span> <span class='ocrx_word' id='word_1_494' title='bbox 438 2126 480 2148; x_wconf 87' lang='lat' dir='ltr'>ac</span> <span class='ocrx_word' id='word_1_495' title='bbox 509 2115 740 2149; x_wconf 69' lang='lat' dir='ltr'>consiliorum</span> <span class='ocrx_word' id='word_1_496' title='bbox 767 2117 947 2159; x_wconf 76' lang='lat' dir='ltr'>explicant</span> <span class='ocrx_word' id='word_1_497' title='bbox 973 2122 1067 2150; x_wconf 89' lang='lat' dir='ltr'>artes</span> <span class='ocrx_word' id='word_1_498' title='bbox 1092 2119 1156 2158; x_wconf 89' lang='lat'>10,</span> <span class='ocrx_word' id='word_1_499' title='bbox 1181 2119 1222 2157; x_wconf 88' lang='lat'>1,</span> <span class='ocrx_word' id='word_1_500' title='bbox 1249 2114 1308 2150; x_wconf 87' lang='grc'>47.</span> <span class='ocrx_word' id='word_1_501' title='bbox 1331 2114 1524 2162; x_wconf 75' lang='lat' dir='ltr'>(affectus)</span> <span class='ocrx_word' id='word_1_502' title='bbox 1553 2120 1614 2165; x_wconf 75' lang='lat' dir='ltr'>qui</span> 
     </span>
    </p>
   </div>
   <div class='ocr_carea' id='block_1_10' title="bbox 134 2159 1618 2302">
    <p class='ocr_par' dir='ltr' id='par_1_11' title="bbox 134 2159 1618 2302">
     <span class='ocr_line' id='line_1_42' title="bbox 135 2159 1615 2210; baseline 0.005 -18"><span class='ocrx_word' id='word_1_503' title='bbox 135 2159 352 2206; x_wconf 84' lang='lat' dir='ltr'>effinguntur</span> <span class='ocrx_word' id='word_1_504' title='bbox 377 2159 666 2204; x_wconf 86' lang='lat' dir='ltr'>imitatione,</span> <span class='ocrx_word' id='word_1_505' title='bbox 704 2166 850 2194; x_wconf 85' lang='lat' dir='ltr'>artem</span> <span class='ocrx_word' id='word_1_506' title='bbox 876 2161 1026 2194; x_wconf 87' lang='lat' dir='ltr'>habent:</span> <span class='ocrx_word' id='word_1_507' title='bbox 1063 2162 1126 2194; x_wconf 82' lang='lat' dir='ltr'>sed</span> <span class='ocrx_word' id='word_1_508' title='bbox 1150 2160 1188 2194; x_wconf 88' lang='lat' dir='ltr'>hi</span> <span class='ocrx_word' id='word_1_509' title='bbox 1215 2166 1336 2194; x_wconf 89' lang='lat' dir='ltr'>carent</span> <span class='ocrx_word' id='word_1_510' title='bbox 1362 2168 1531 2198; x_wconf 88' lang='lat' dir='ltr'>natura</span> <span class='ocrx_word' id='word_1_511' title='bbox 1556 2168 1615 2210; x_wconf 76' lang='grc'>11,</span> 
     </span>
     <span class='ocr_line' id='line_1_43' title="bbox 134 2204 1616 2251; baseline 0.005 -12"><span class='ocrx_word' id='word_1_512' title='bbox 134 2205 240 2248; x_wconf 81' lang='grc'>3,62.</span> <span class='ocrx_word' id='word_1_513' title='bbox 266 2205 304 2238; x_wconf 87' lang='lat' dir='ltr'>in</span> <span class='ocrx_word' id='word_1_514' title='bbox 327 2205 480 2239; x_wconf 87' lang='lat' dir='ltr'>dicendo</span> <span class='ocrx_word' id='word_1_515' title='bbox 504 2217 658 2240; x_wconf 83' lang='lat' dir='ltr'>curam</span> <span class='ocrx_word' id='word_1_516' title='bbox 684 2212 720 2240; x_wconf 90' lang='lat' dir='ltr'>et</span> <span class='ocrx_word' id='word_1_517' title='bbox 746 2211 890 2240; x_wconf 87' lang='lat' dir='ltr'>artem</span> <span class='ocrx_word' id='word_1_518' title='bbox 917 2211 953 2239; x_wconf 90' lang='lat' dir='ltr'>et</span> <span class='ocrx_word' id='word_1_519' title='bbox 977 2204 1176 2239; x_wconf 88' lang='lat' dir='ltr'>nitorem</span> <span class='ocrx_word' id='word_1_520' title='bbox 1201 2211 1236 2239; x_wconf 89' lang='lat' dir='ltr'>et</span> <span class='ocrx_word' id='word_1_521' title='bbox 1257 2205 1428 2251; x_wconf 79' lang='lat' dir='ltr'>quidquid</span> <span class='ocrx_word' id='word_1_522' title='bbox 1459 2211 1616 2246; x_wconf 83' lang='lat' dir='ltr'>studio</span> 
     </span>
     <span class='ocr_line' id='line_1_44' title="bbox 134 2250 1618 2302; baseline 0.005 -19"><span class='ocrx_word' id='word_1_523' title='bbox 134 2255 292 2302; x_wconf 68' lang='lat' dir='ltr'>paratur,</span> <span class='ocrx_word' id='word_1_524' title='bbox 317 2256 357 2284; x_wconf 91' lang='lat' dir='ltr'>ut</span> <span class='ocrx_word' id='word_1_525' title='bbox 382 2251 616 2286; x_wconf 84' lang='lat' dir='ltr'>affectata</span> <span class='ocrx_word' id='word_1_526' title='bbox 643 2257 678 2286; x_wconf 88' lang='lat' dir='ltr'>et</span> <span class='ocrx_word' id='word_1_527' title='bbox 704 2263 865 2296; x_wconf 86' lang='lat' dir='ltr'>parum</span> <span class='ocrx_word' id='word_1_528' title='bbox 893 2251 1146 2294; x_wconf 86' lang='lat' dir='ltr'>naturalia,</span> <span class='ocrx_word' id='word_1_529' title='bbox 1174 2250 1379 2295; x_wconf 84' lang='lat' dir='ltr'>improbare</span> <span class='ocrx_word' id='word_1_530' title='bbox 1394 2255 1437 2287; x_wconf 79' lang='lat' dir='ltr'>ib.</span> <span class='ocrx_word' id='word_1_531' title='bbox 1455 2257 1510 2289; x_wconf 93' lang='grc'>10.</span> <span class='ocrx_word' id='word_1_532' title='bbox 1535 2268 1618 2291; x_wconf 86' lang='lat' dir='ltr'>ma-</span> 
     </span>
    </p>
   </div>
   <div class='ocr_carea' id='block_1_11' title="bbox 66 2295 1616 2375">
    <p class='ocr_par' dir='ltr' id='par_1_12' title="bbox 66 2295 1616 2375">
     <span class='ocr_line' id='line_1_45' title="bbox 66 2295 1616 2375; baseline 0.003 -47"><span class='ocrx_word' id='word_1_533' title='bbox 66 2312 76 2328; x_wconf 69' lang='grc' dir='ltr'>ι</span> <span class='ocrx_word' id='word_1_534' title='bbox 135 2305 251 2375; x_wconf 49' lang='lat' dir='ltr'>mrem</span> <span class='ocrx_word' id='word_1_535' title='bbox 273 2296 406 2330; x_wconf 85' lang='lat' dir='ltr'>habere</span> <span class='ocrx_word' id='word_1_536' title='bbox 434 2295 526 2331; x_wconf 80' lang='lat' dir='ltr'>vim</span> <span class='ocrx_word' id='word_1_537' title='bbox 557 2309 621 2340; x_wconf 89' lang='lat' dir='ltr'>ea,</span> <span class='ocrx_word' id='word_1_538' title='bbox 657 2309 749 2341; x_wconf 85' lang='lat' dir='ltr'>quae</span> <span class='ocrx_word' id='word_1_539' title='bbox 774 2308 847 2331; x_wconf 89' lang='lat' dir='ltr'>non</span> <span class='ocrx_word' id='word_1_540' title='bbox 872 2297 1005 2330; x_wconf 88' lang='lat' dir='ltr'>habent</span> <span class='ocrx_word' id='word_1_541' title='bbox 1029 2303 1166 2331; x_wconf 83' lang='lat' dir='ltr'>artem</span> <span class='ocrx_word' id='word_1_542' title='bbox 1188 2300 1224 2339; x_wconf 88' lang='grc'>2,</span> <span class='ocrx_word' id='word_1_543' title='bbox 1249 2300 1305 2338; x_wconf 91' lang='grc'>12,</span> <span class='ocrx_word' id='word_1_544' title='bbox 1330 2301 1363 2332; x_wconf 92' lang='grc'>1.</span> <span class='ocrx_word' id='word_1_545' title='bbox 1378 2342 1387 2351; x_wconf 33' lang='grc' dir='ltr'>α</span> <span class='ocrx_word' id='word_1_546' title='bbox 1402 2301 1616 2343; x_wconf 80' lang='lat' dir='ltr'>apertiorem</span> 
     </span>
    </p>
   </div>
   <div class='ocr_carea' id='block_1_12' title="bbox 138 2341 1625 2843">
    <p class='ocr_par' dir='ltr' id='par_1_13' title="bbox 138 2341 1625 2843">
     <span class='ocr_line' id='line_1_46' title="bbox 187 2341 1615 2392; baseline 0.004 -18"><span class='ocrx_word' id='word_1_547' title='bbox 187 2341 246 2377; x_wconf 83' lang='lat' dir='ltr'>bet</span> <span class='ocrx_word' id='word_1_548' title='bbox 268 2347 333 2374; x_wconf 84' lang='lat' dir='ltr'>art.</span> <span class='ocrx_word' id='word_1_549' title='bbox 352 2348 388 2375; x_wconf 89' lang='lat' dir='ltr'>et</span> <span class='ocrx_word' id='word_1_550' title='bbox 406 2343 518 2389; x_wconf 83' lang='lat' dir='ltr'>magis</span> <span class='ocrx_word' id='word_1_551' title='bbox 537 2343 734 2377; x_wconf 79' lang='lat' dir='ltr'>affectatam</span> <span class='ocrx_word' id='word_1_552' title='bbox 750 2345 786 2386; x_wconf 89' lang='lat'>9,</span> <span class='ocrx_word' id='word_1_553' title='bbox 801 2346 835 2385; x_wconf 85' lang='lat'>3,</span> <span class='ocrx_word' id='word_1_554' title='bbox 851 2342 907 2377; x_wconf 89' lang='lat'><strong>54.</strong></span> <span class='ocrx_word' id='word_1_555' title='bbox 936 2348 1011 2376; x_wconf 88' lang='lat' dir='ltr'>tota</span> <span class='ocrx_word' id='word_1_556' title='bbox 1033 2343 1123 2376; x_wconf 90' lang='lat' dir='ltr'>haec</span> <span class='ocrx_word' id='word_1_557' title='bbox 1148 2354 1205 2376; x_wconf 87' lang='lat' dir='ltr'>ars</span> <span class='ocrx_word' id='word_1_558' title='bbox 1231 2343 1448 2379; x_wconf 74' lang='lat' dir='ltr'>subvertitur</span> <span class='ocrx_word' id='word_1_559' title='bbox 1469 2348 1504 2390; x_wconf 89' lang='lat'>9,</span> <span class='ocrx_word' id='word_1_560' title='bbox 1519 2347 1555 2391; x_wconf 90' lang='lat'>4,</span> <span class='ocrx_word' id='word_1_561' title='bbox 1572 2351 1615 2392; x_wconf 81' lang='lat'>33</span> 
     </span>
     <span class='ocr_line' id='line_1_47' title="bbox 140 2386 1619 2432; baseline 0.007 -14"><span class='ocrx_word' id='word_1_562' title='bbox 140 2389 275 2419; x_wconf 85' lang='lat' dir='ltr'>extra</span> <span class='ocrx_word' id='word_1_563' title='bbox 310 2393 421 2421; x_wconf 85' lang='lat' dir='ltr'>artem</span> <span class='ocrx_word' id='word_1_564' title='bbox 456 2389 724 2432; x_wconf 87' lang='lat' dir='ltr'>probationibus</span> <span class='ocrx_word' id='word_1_565' title='bbox 756 2390 790 2430; x_wconf 88' lang='lat'>6,</span> <span class='ocrx_word' id='word_1_566' title='bbox 814 2387 851 2431; x_wconf 90' lang='grc'>4,</span> <span class='ocrx_word' id='word_1_567' title='bbox 874 2388 907 2422; x_wconf 88' lang='grc'>4.</span> <span class='ocrx_word' id='word_1_568' title='bbox 954 2386 985 2430; x_wconf 80' lang='grc' dir='ltr'>ε)</span> <span class='ocrx_word' id='word_1_569' title='bbox 1012 2390 1152 2421; x_wconf 45' lang='lat' dir='ltr'>Ablata</span> <span class='ocrx_word' id='word_1_570' title='bbox 1187 2389 1283 2432; x_wconf 83' lang='lat' dir='ltr'>quod</span> <span class='ocrx_word' id='word_1_571' title='bbox 1308 2389 1384 2424; x_wconf 86' lang='lat' dir='ltr'>sine</span> <span class='ocrx_word' id='word_1_572' title='bbox 1408 2392 1516 2427; x_wconf 87' lang='lat' dir='ltr'>dubio</span> <span class='ocrx_word' id='word_1_573' title='bbox 1543 2405 1619 2428; x_wconf 89' lang='lat' dir='ltr'>non</span> 
     </span>
     <span class='ocr_line' id='line_1_48' title="bbox 138 2431 1619 2479; baseline 0.007 -15"><span class='ocrx_word' id='word_1_574' title='bbox 138 2431 240 2465; x_wconf 79' lang='lat' dir='ltr'>venit</span> <span class='ocrx_word' id='word_1_575' title='bbox 265 2442 313 2465; x_wconf 83' lang='lat' dir='ltr'>ex</span> <span class='ocrx_word' id='word_1_576' title='bbox 335 2437 428 2477; x_wconf 86' lang='lat' dir='ltr'>arte,</span> <span class='ocrx_word' id='word_1_577' title='bbox 454 2439 574 2468; x_wconf 82' lang='lat' dir='ltr'>tamen</span> <span class='ocrx_word' id='word_1_578' title='bbox 598 2441 672 2468; x_wconf 84' lang='lat' dir='ltr'>arte</span> <span class='ocrx_word' id='word_1_579' title='bbox 697 2436 887 2479; x_wconf 82' lang='lat' dir='ltr'>adjuvatur</span> <span class='ocrx_word' id='word_1_580' title='bbox 900 2434 935 2475; x_wconf 87' lang='grc'>6,</span> <span class='ocrx_word' id='word_1_581' title='bbox 947 2432 983 2476; x_wconf 87' lang='grc'>4,</span> <span class='ocrx_word' id='word_1_582' title='bbox 1000 2436 1055 2467; x_wconf 90' lang='grc'>12.</span> <span class='ocrx_word' id='word_1_583' title='bbox 1081 2434 1171 2475; x_wconf 81' lang='lat' dir='ltr'>hoc,</span> <span class='ocrx_word' id='word_1_584' title='bbox 1198 2439 1238 2467; x_wconf 90' lang='lat' dir='ltr'>ut</span> <span class='ocrx_word' id='word_1_585' title='bbox 1262 2445 1336 2469; x_wconf 87' lang='lat' dir='ltr'>non</span> <span class='ocrx_word' id='word_1_586' title='bbox 1361 2437 1474 2470; x_wconf 82' lang='lat' dir='ltr'>ausim</span> <span class='ocrx_word' id='word_1_587' title='bbox 1498 2439 1619 2474; x_wconf 88' lang='lat' dir='ltr'>dicere</span> 
     </span>
     <span class='ocr_line' id='line_1_49' title="bbox 140 2477 1619 2524; baseline 0.006 -14"><span class='ocrx_word' id='word_1_588' title='bbox 140 2486 264 2511; x_wconf 87' lang='lat' dir='ltr'>carere</span> <span class='ocrx_word' id='word_1_589' title='bbox 294 2477 440 2513; x_wconf 84' lang='lat' dir='ltr'>omnino</span> <span class='ocrx_word' id='word_1_590' title='bbox 468 2486 590 2523; x_wconf 86' lang='lat' dir='ltr'>arte,</span> <span class='ocrx_word' id='word_1_591' title='bbox 616 2498 659 2505; x_wconf 80' lang='lat'>—-</span> <span class='ocrx_word' id='word_1_592' title='bbox 683 2480 733 2514; x_wconf 85' lang='lat' dir='ltr'>ita</span> <span class='ocrx_word' id='word_1_593' title='bbox 754 2481 860 2524; x_wconf 85' lang='lat' dir='ltr'>plane</span> <span class='ocrx_word' id='word_1_594' title='bbox 884 2479 1043 2521; x_wconf 81' lang='lat' dir='ltr'>affirmo,</span> <span class='ocrx_word' id='word_1_595' title='bbox 1078 2479 1268 2524; x_wconf 84' lang='lat' dir='ltr'>praecipue</span> <span class='ocrx_word' id='word_1_596' title='bbox 1294 2481 1447 2524; x_wconf 89' lang='lat' dir='ltr'>positum</span> <span class='ocrx_word' id='word_1_597' title='bbox 1476 2495 1556 2518; x_wconf 89' lang='lat' dir='ltr'>esse</span> <span class='ocrx_word' id='word_1_598' title='bbox 1580 2486 1619 2519; x_wconf 86' lang='lat' dir='ltr'>in</span> 
     </span>
     <span class='ocr_line' id='line_1_50' title="bbox 139 2523 1621 2577; baseline 0.002 -21"><span class='ocrx_word' id='word_1_599' title='bbox 139 2528 309 2556; x_wconf 81' lang='lat' dir='ltr'>natura</span> <span class='ocrx_word' id='word_1_600' title='bbox 341 2529 377 2557; x_wconf 86' lang='lat' dir='ltr'>et</span> <span class='ocrx_word' id='word_1_601' title='bbox 412 2524 451 2559; x_wconf 88' lang='lat' dir='ltr'>in</span> <span class='ocrx_word' id='word_1_602' title='bbox 485 2525 734 2560; x_wconf 88' lang='lat' dir='ltr'>occasione</span> <span class='ocrx_word' id='word_1_603' title='bbox 760 2526 804 2568; x_wconf 90' lang='grc'>6,</span> <span class='ocrx_word' id='word_1_604' title='bbox 828 2527 871 2567; x_wconf 89' lang='grc'>3,</span> <span class='ocrx_word' id='word_1_605' title='bbox 898 2528 952 2558; x_wconf 90' lang='grc'>11.</span> <span class='ocrx_word' id='word_1_606' title='bbox 992 2523 1037 2565; x_wconf 79' lang='lat' dir='ltr'>cs.</span> <span class='ocrx_word' id='word_1_607' title='bbox 1072 2527 1108 2567; x_wconf 88' lang='grc'>5,</span> <span class='ocrx_word' id='word_1_608' title='bbox 1133 2528 1172 2567; x_wconf 91' lang='grc'>1,</span> <span class='ocrx_word' id='word_1_609' title='bbox 1195 2528 1230 2559; x_wconf 91' lang='grc'>2.</span> <span class='ocrx_word' id='word_1_610' title='bbox 1266 2527 1470 2562; x_wconf 86' lang='lat' dir='ltr'>auctoribus</span> <span class='ocrx_word' id='word_1_611' title='bbox 1495 2529 1621 2577; x_wconf 78' lang='lat' dir='ltr'>inge-</span> 
     </span>
     <span class='ocr_line' id='line_1_51' title="bbox 139 2566 1619 2619; baseline 0.006 -18"><span class='ocrx_word' id='word_1_612' title='bbox 139 2566 214 2602; x_wconf 80' lang='lat' dir='ltr'>nio</span> <span class='ocrx_word' id='word_1_613' title='bbox 224 2567 287 2602; x_wconf 88' lang='lat' dir='ltr'>sis</span> <span class='ocrx_word' id='word_1_614' title='bbox 314 2569 455 2613; x_wconf 76' lang='lat' dir='ltr'>quidem</span> <span class='ocrx_word' id='word_1_615' title='bbox 479 2573 542 2605; x_wconf 80' lang='lat' dir='ltr'>sed</span> <span class='ocrx_word' id='word_1_616' title='bbox 568 2577 667 2605; x_wconf 84' lang='lat' dir='ltr'>arte</span> <span class='ocrx_word' id='word_1_617' title='bbox 700 2570 902 2605; x_wconf 84' lang='lat' dir='ltr'>carentibus</span> <span class='ocrx_word' id='word_1_618' title='bbox 930 2572 984 2612; x_wconf 91' lang='lat'>10,</span> <span class='ocrx_word' id='word_1_619' title='bbox 1009 2573 1043 2612; x_wconf 88' lang='lat'>1,</span> <span class='ocrx_word' id='word_1_620' title='bbox 1064 2569 1111 2604; x_wconf 82' lang='lat'>40</span> <span class='ocrx_word' id='word_1_621' title='bbox 1134 2571 1181 2604; x_wconf 89' lang='grc' dir='ltr'>Ν.</span> <span class='ocrx_word' id='word_1_622' title='bbox 1218 2577 1293 2605; x_wconf 83' lang='lat' dir='ltr'>arte</span> <span class='ocrx_word' id='word_1_623' title='bbox 1317 2574 1515 2617; x_wconf 86' lang='lat' dir='ltr'>composita</span> <span class='ocrx_word' id='word_1_624' title='bbox 1539 2588 1619 2619; x_wconf 86' lang='lat' dir='ltr'>opp.</span> 
     </span>
     <span class='ocr_line' id='line_1_52' title="bbox 138 2615 1620 2661; baseline 0.003 -11"><span class='ocrx_word' id='word_1_625' title='bbox 138 2622 228 2650; x_wconf 74' lang='lat' dir='ltr'>vera</span> <span class='ocrx_word' id='word_1_626' title='bbox 252 2615 288 2657; x_wconf 91' lang='grc'>9,</span> <span class='ocrx_word' id='word_1_627' title='bbox 313 2617 346 2658; x_wconf 89' lang='grc'>1,</span> <span class='ocrx_word' id='word_1_628' title='bbox 368 2618 427 2650; x_wconf 89' lang='grc'>27.</span> <span class='ocrx_word' id='word_1_629' title='bbox 455 2618 550 2661; x_wconf 83' lang='lat' dir='ltr'>quod</span> <span class='ocrx_word' id='word_1_630' title='bbox 577 2617 830 2660; x_wconf 84' lang='lat' dir='ltr'>comprehendi</span> <span class='ocrx_word' id='word_1_631' title='bbox 854 2621 930 2649; x_wconf 83' lang='lat' dir='ltr'>arte</span> <span class='ocrx_word' id='word_1_632' title='bbox 956 2625 1031 2649; x_wconf 90' lang='lat' dir='ltr'>non</span> <span class='ocrx_word' id='word_1_633' title='bbox 1057 2616 1170 2660; x_wconf 84' lang='lat' dir='ltr'>possit</span> <span class='ocrx_word' id='word_1_634' title='bbox 1195 2618 1229 2658; x_wconf 89' lang='grc'>5,</span> <span class='ocrx_word' id='word_1_635' title='bbox 1256 2619 1310 2659; x_wconf 91' lang='grc'>10,</span> <span class='ocrx_word' id='word_1_636' title='bbox 1335 2620 1414 2653; x_wconf 89' lang='grc'>109.</span> <span class='ocrx_word' id='word_1_637' title='bbox 1443 2621 1620 2655; x_wconf 84' lang='lat' dir='ltr'>sermonis</span> 
     </span>
     <span class='ocr_line' id='line_1_53' title="bbox 140 2657 1620 2707; baseline 0.006 -15"><span class='ocrx_word' id='word_1_638' title='bbox 140 2657 289 2702; x_wconf 80' lang='lat' dir='ltr'>alicujus</span> <span class='ocrx_word' id='word_1_639' title='bbox 322 2661 516 2695; x_wconf 80' lang='lat' dir='ltr'>verborum</span> <span class='ocrx_word' id='word_1_640' title='bbox 551 2669 740 2696; x_wconf 85' lang='lat' dir='ltr'>contextus</span> <span class='ocrx_word' id='word_1_641' title='bbox 772 2663 898 2695; x_wconf 89' lang='lat' dir='ltr'>eadem</span> <span class='ocrx_word' id='word_1_642' title='bbox 932 2667 1008 2695; x_wconf 80' lang='lat' dir='ltr'>arte</span> <span class='ocrx_word' id='word_1_643' title='bbox 1045 2662 1224 2706; x_wconf 86' lang='lat' dir='ltr'>quomodo</span> <span class='ocrx_word' id='word_1_644' title='bbox 1268 2665 1620 2707; x_wconf 79' lang='lat' dir='ltr'>comprehendetur?</span> 
     </span>
     <span class='ocr_line' id='line_1_54' title="bbox 140 2703 1622 2751; baseline 0.005 -13"><span class='ocrx_word' id='word_1_645' title='bbox 140 2707 199 2747; x_wconf 90' lang='grc'>11,</span> <span class='ocrx_word' id='word_1_646' title='bbox 219 2707 252 2748; x_wconf 87' lang='grc'>2,</span> <span class='ocrx_word' id='word_1_647' title='bbox 279 2703 337 2739; x_wconf 89' lang='grc'>24.</span> <span class='ocrx_word' id='word_1_648' title='bbox 356 2708 467 2751; x_wconf 41' lang='grc' dir='ltr'>χ(Ῑιιοᾰ</span> <span class='ocrx_word' id='word_1_649' title='bbox 490 2714 565 2742; x_wconf 86' lang='lat' dir='ltr'>arte</span> <span class='ocrx_word' id='word_1_650' title='bbox 591 2709 731 2741; x_wconf 82' lang='lat' dir='ltr'>occulta</span> <span class='ocrx_word' id='word_1_651' title='bbox 758 2712 970 2741; x_wconf 83' lang='lat' dir='ltr'>consecutus</span> <span class='ocrx_word' id='word_1_652' title='bbox 994 2712 1048 2741; x_wconf 87' lang='lat' dir='ltr'>est</span> <span class='ocrx_word' id='word_1_653' title='bbox 1075 2706 1182 2751; x_wconf 80' lang='lat' dir='ltr'>(Cic.)</span> <span class='ocrx_word' id='word_1_654' title='bbox 1208 2706 1244 2749; x_wconf 82' lang='lat'>4,</span> <span class='ocrx_word' id='word_1_655' title='bbox 1270 2711 1305 2750; x_wconf 92' lang='grc'>2,</span> <span class='ocrx_word' id='word_1_656' title='bbox 1328 2709 1384 2743; x_wconf 87' lang='grc'>58.</span> <span class='ocrx_word' id='word_1_657' title='bbox 1410 2711 1482 2744; x_wconf 87' lang='lat' dir='ltr'>hoc</span> <span class='ocrx_word' id='word_1_658' title='bbox 1502 2713 1622 2746; x_wconf 82' lang='lat' dir='ltr'>nullus</span> 
     </span>
     <span class='ocr_line' id='line_1_55' title="bbox 140 2749 1624 2797; baseline 0.005 -14"><span class='ocrx_word' id='word_1_659' title='bbox 140 2749 211 2784; x_wconf 82' lang='lat' dir='ltr'>nisi</span> <span class='ocrx_word' id='word_1_660' title='bbox 247 2757 344 2785; x_wconf 84' lang='lat' dir='ltr'>arte</span> <span class='ocrx_word' id='word_1_661' title='bbox 375 2753 548 2797; x_wconf 81' lang='lat' dir='ltr'>consequi</span> <span class='ocrx_word' id='word_1_662' title='bbox 577 2758 711 2797; x_wconf 79' lang='lat' dir='ltr'>potest,</span> <span class='ocrx_word' id='word_1_663' title='bbox 746 2754 817 2786; x_wconf 85' lang='lat' dir='ltr'>hnc</span> <span class='ocrx_word' id='word_1_664' title='bbox 850 2752 1056 2786; x_wconf 87' lang='lat' dir='ltr'>studium</span> <span class='ocrx_word' id='word_1_665' title='bbox 1090 2753 1396 2797; x_wconf 57' lang='lat' dir='ltr'>adhibendum&amp;</span> <span class='ocrx_word' id='word_1_666' title='bbox 1417 2756 1476 2789; x_wconf 77' lang='lat' dir='ltr'>rr.</span> <span class='ocrx_word' id='word_1_667' title='bbox 1499 2758 1554 2792; x_wconf 83' lang='lat'>16.</span> <span class='ocrx_word' id='word_1_668' title='bbox 1582 2763 1624 2791; x_wconf 90' lang='lat' dir='ltr'>ut</span> 
     </span>
     <span class='ocr_line' id='line_1_56' title="bbox 140 2794 1625 2843; baseline 0.005 -14"><span class='ocrx_word' id='word_1_669' title='bbox 140 2794 240 2830; x_wconf 80' lang='lat' dir='ltr'>omni</span> <span class='ocrx_word' id='word_1_670' title='bbox 263 2802 340 2831; x_wconf 80' lang='lat' dir='ltr'>arte</span> <span class='ocrx_word' id='word_1_671' title='bbox 362 2814 407 2823; x_wconf 94' lang='lat'>—</span> <span class='ocrx_word' id='word_1_672' title='bbox 430 2799 654 2833; x_wconf 82' lang='lat' dir='ltr'>detrahamus</span> <span class='ocrx_word' id='word_1_673' title='bbox 680 2798 814 2843; x_wconf 79' lang='lat' dir='ltr'>aliquid</span> <span class='ocrx_word' id='word_1_674' title='bbox 832 2796 869 2842; x_wconf 87' lang='grc'>4,</span> <span class='ocrx_word' id='word_1_675' title='bbox 887 2800 924 2842; x_wconf 79' lang='grc'>2,</span> <span class='ocrx_word' id='word_1_676' title='bbox 946 2797 1007 2834; x_wconf 87' lang='grc'>47.</span> <span class='ocrx_word' id='word_1_677' title='bbox 1030 2797 1167 2833; x_wconf 82' lang='lat' dir='ltr'>facient</span> <span class='ocrx_word' id='word_1_678' title='bbox 1189 2802 1356 2834; x_wconf 84' lang='lat' dir='ltr'>na-tura</span> <span class='ocrx_word' id='word_1_679' title='bbox 1383 2800 1474 2836; x_wconf 87' lang='lat' dir='ltr'>duce</span> <span class='ocrx_word' id='word_1_680' title='bbox 1497 2802 1625 2837; x_wconf 74' lang='lat' dir='ltr'>metius</span> 
     </span>
    </p>
   </div>
   <div class='ocr_carea' id='block_1_13' title="bbox 187 2863 1256 2907">
    <p class='ocr_par' dir='ltr' id='par_1_14' title="bbox 187 2863 1256 2907">
     <span class='ocr_line' id='line_1_57' title="bbox 187 2863 1256 2907; baseline 0.001 -9"><span class='ocrx_word' id='word_1_681' title='bbox 187 2866 270 2898; x_wconf 74' lang='lat' dir='ltr'>Lex.</span> <span class='ocrx_word' id='word_1_682' title='bbox 299 2867 413 2907; x_wconf 69' lang='lat' dir='ltr'>Quini.</span> <span class='ocrx_word' id='word_1_683' title='bbox 1230 2863 1256 2899; x_wconf 87' lang='grc'><strong>6</strong></span> 
     </span>
    </p>
   </div>
  </div>
 </body>
</html>
