1728 3002
603 209 813 253 Effectiva
850 230 908 240 ·-·
946 203 1101 250 Efficio
1534 206 1613 246 271

83 313 308 375 modim}
362 334 547 372 effectivae
578 333 625 381 (ι’.
649 347 679 369 e.
705 329 915 381 πρακτικῇ,
956 344 992 366 α.
1015 335 1040 367 t.
1064 329 1156 376 -ve)
1181 340 1324 376 qnoque
1348 327 1483 375 aliquid
1503 327 1620 363 simile

114 386 269 432 -scriptis
280 383 515 440 ‘orationibus
538 382 601 417 vel
628 381 788 416 historiis
817 384 1059 437 consequetur
1079 378 1232 423 (orator,
1260 380 1318 424 qui
1339 379 1473 411 desierit
1495 375 1621 418 agere)

83 434 298 521 Eissetitsor?
315 431 566 520 NMcr'l'ullius
588 485 686 519 hunc
711 480 856 528 (stilum)
880 480 1051 527 optimum
1081 480 1379 518 effectorem
1407 489 1451 514 no
1477 477 1620 526 magi-

133 542 278 570 strum
298 531 440 571 dicendi
463 531 610 567 vocavit
634 533 690 574 10,
714 532 749 573 3,
775 532 806 563 1.

85 582 288 623 Effectus-
333 600 391 624 ars
414 588 555 622 dicendi
580 588 618 622 in
643 591 752 621 actu
784 583 921 629 posita,
951 594 1026 618 non
1049 582 1088 616 in
1124 583 1310 618 effectu
1346 585 1382 626 2,
1407 585 1464 627 17,
1486 583 1544 618 25.
1574 582 1622 624 ts.

131 642 177 681 2,
203 638 265 679 18,
292 637 325 669 2.
345 646 378 668 v.
401 635 583 668 Nomen.
623 644 706 667 cum
740 631 841 675 plura
871 635 1079 676 argumenta
1110 630 1156 663 sd
1182 641 1294 663 unum
1316 629 1482 663 effectum
1505 631 1619 665 dedu-

132 688 260 718 cuntur
281 682 317 725 9,
341 683 376 724 2,
403 683 480 715 103.
514 680 568 726 Q,
603 681 704 722 cujus
725 677 853 712 similia
891 677 1084 710 effectu
1117 675 1362 720 specieque
1378 677 1504 720 Koppa
1526 676 1619 719 apud

133 724 291 764 Graecos
317 729 351 768 1,
374 726 410 767 4,
433 728 478 769 93
524 725 721 759 antidotum
745 734 793 758 ex
817 721 938 756 multis
961 727 1067 767 atque
1090 719 1232 755 interim
1256 722 1445 756 contrariis
1475 733 1619 768 quoque

130 775 225 810 inter
246 785 286 808 se
308 771 493 807 effectibus
521 771 689 816 componi
718 772 751 814 1,
781 771 838 811 10,
864 769 900 803 6.

87 819 313 862 Effemino·
386 828 450 863 illa
484 827 701 862 translucida
733 842 777 851 —
811 823 968 859 elocutio
997 833 1056 859 res
1087 821 1182 868 ipsas
1204 822 1382 858 effeminat
1395 825 1440 868 8,
1470 824 1533 859 Pr.
1559 828 1619 860 20.

131 880 275 911 Par-tic..-
305 875 344 909 in
374 875 431 909 his
467 871 716 918 (orationibus)
747 882 854 916 quam
886 872 997 904 multa
1027 887 1073 896 —
1103 869 1302 912 lasciva,
1336 871 1621 906 effeminata

54 920 70 938 ““
132 924 203 957 sint
224 924 266 966 2,
290 921 333 964 5,
362 924 417 955 10.
452 922 608 954 duram
640 918 760 963 potius
791 923 897 961 atque
930 926 1140 960 asperam
1173 915 1468 959 compositionem
1500 919 1622 952 malim

134 973 225 1007 esset
250 978 354 1011 quam
381 966 703 1000 effeminatam
722 969 758 997 et
773 970 1002 996 enervem
1021 962 1057 1004 9,
1073 960 1108 1004 4,
1129 959 1206 995 142.
1223 961 1330 995 lectio
1350 962 1408 996 eff.
1432 965 1464 1005 1,
1481 964 1516 1006 8,
1535 966 1558 997 2
1575 965 1623 1001 Ν.

136 1014 191 1048 eff.
214 1013 396 1047 levitatem
418 1013 455 1053 8,
480 1014 516 1054 3,
542 1013 576 1045 6.
614 1011 671 1044 eff.
697 1008 834 1048 musice
862 1011 897 1050 1,
922 1010 978 1050 10,
1002 1009 1057 1041 31.
1084 1007 1142 1040 eff.
1166 1017 1276 1040 sexus
1300 1009 1334 1049 5,
1362 1010 1420 1051 12,
1445 1009 1502 1044 19.
1528 1015 1621 1044 tre..

134 1059 253 1092 mula
276 1059 338 1092 vel
371 1057 646 1090 effeminata
667 1065 763 1091 voce
785 1057 842 1098 11,
867 1056 902 1098 3,
925 1054 982 1089 91.
1006 1052 1201 1098 acerba,
1225 1052 1411 1098 mollis,
1437 1055 1620 1090 effemi-

137 1109 245 1138 nata
269 1101 384 1147 (vox)
409 1105 450 1137 ib.
478 1105 535 1136 32.

91 1150 250 1198 Effero.
321 1158 536 1204 l)pr0pr1·e.·
569 1154 879 1192 'efferentium
915 1156 1068 1202 praedas
1101 1155 1497 1202 repetentiumque
1523 1159 1559 1200 8,
1583 1160 1621 1202 3,

135 1207 192 1242 69.
225 1215 339 1249 supra⁴
362 1204 501 1238 humeri
533 1204 754 1238 altitudinem
786 1205 879 1238 elata
911 1213 1038 1237 manus
1072 1205 1114 1237 11
1129 1228 1140 1246 ,
1164 1205 1206 1246 3,
1236 1205 1323 1246 103;
1360 1205 1403 1236 de
1426 1209 1618 1247 sepultura.-

137 1250 295 1286 extulisti
316 1249 427 1284 filium
451 1251 484 1289 8.
519 1252 554 1292 5,
588 1253 644 1283 21.
694 1251 753 1291 11)
779 1253 920 1283 1rm1sl..·
951 1252 975 1282 ι’.
1008 1262 1040 1294 q.
1079 1261 1236 1291 augeo.-
1274 1260 1334 1283 res
1366 1249 1620 1294 atrocissimas,

134 1307 292 1342 quasque
314 1297 360 1330 in
383 1307 555 1331 summam
577 1295 646 1340 ipsi
668 1295 860 1330 extulimus
881 1294 1053 1330 invidiam
1069 1295 1103 1337 8,
1121 1294 1157 1338 4,
1177 1296 1232 1342 19.
1255 1293 1465 1338 nesciretur,
1490 1304 1623 1342 quanta

134 1344 192 1379 vis
215 1348 310 1377 esset
335 1343 411 1387 ejus
435 1340 683 1386 (memoriae),
725 1341 795 1375 nisi
829 1342 900 1375 hoc
924 1341 1050 1374 orandi
1074 1342 1196 1374 lumen
1222 1341 1409 1376 extulisset
1434 1345 1491 1385 11,
1514 1346 1549 1386 2,
1578 1347 1622 1387 7;

12 1430 14 1434 .
135 1390 340 1426 efferentem
366 1400 405 1422 se
428 1387 654 1432 (facultatem)
679 1388 779 1431 quasi
800 1387 913 1424 frenis
937 1386 1100 1431 quibusd.
1122 1397 1351 1421 coerceamus
1378 1390 1440 1431 (sic
1459 1393 1502 1422 Z.
1515 1404 1528 1432 ;
1552 1391 1620 1434 Sp.

75 1471 83 1476 ,
137 1435 355 1470 ferocientes
378 1445 489 1478 equos
512 1435 558 1472 fr,
584 1441 670 1476 eic.‚·
693 1437 743 1467 H.
767 1434 812 1466 11.
838 1433 1098 1478 efferenterque
1123 1443 1192 1466 nos
1217 1434 1263 1467 fr.
1287 1441 1374 1477 etc.‚·
1410 1436 1514 1468 Codd.
1539 1443 1626 1479 opu.

135 1479 315 1516 efferentis
339 1491 449 1525 equos
481 1481 529 1515 fr.
552 1478 632 1523 etc.)
661 1482 716 1521 10,
741 1481 776 1522 3,
803 1481 846 1513 10
873 1480 919 1513 N.
946 1492 992 1513 cr.
1020 1487 1051 1512 et
1075 1481 1136 1521 S.,·
1159 1482 1184 1513 i.
1212 1493 1252 1524 q:
1268 1482 1388 1521 gig-no:
1413 1489 1540 1514 omnes
1564 1493 1622 1515 ex

133 1538 173 1562 se
194 1526 271 1571 ipso
297 1526 448 1561 virtutes
475 1525 604 1560 extulit
628 1525 837 1559 immortalis
862 1524 998 1571 ingenii
1025 1524 1227 1558 beatissima
1250 1525 1412 1559 ubertate
1439 1525 1623 1571 (Tullius)

134 1576 190 1615 10,
217 1574 251 1616 1,
281 1574 360 1608 109.
396 1571 464 1615 111)
489 1573 647 1605 dicendo.-
676 1582 782 1615 quam
807 1570 1136 1615 concipiamus
1160 1570 1414 1614 elocutionem,
1440 1575 1621 1616 quomodo

137 1619 392 1653 efferamus
431 1619 473 1660 8,
505 1619 550 1661 3,
578 1617 636 1650 40.
671 1618 850 1661 quomodo
886 1617 1076 1650 efferantur
1107 1618 1223 1660 (quae
1252 1620 1339 1650 intra
1374 1626 1500 1651 nosmet
1532 1621 1623 1663 ipsos

137 1663 389 1708 composuimus)
415 1666 471 1706 11,
497 1665 530 1706 3,
555 1665 588 1696 2.
613 1663 782 1706 pleraque
806 1668 959 1707 utroque
982 1664 1091 1696 modo
1108 1663 1312 1705 efferuntur,
1339 1663 1620 1709 luxuriatur,

135 1712 251 1744 luxu
262 1709 356 1743 riat
388 1717 448 1743 etc.
473 1710 507 1750 9,
531 1711 565 1751 3,
592 1711 626 1743 7.
659 1719 783 1742 sensus
816 1709 911 1742 idem
942 1709 1069 1752 quibus
1101 1708 1224 1743 verbis
1255 1709 1422 1743 efferatur
1443 1711 1479 1753 9,
1502 1709 1538 1753 4,
1567 1714 1624 1746 13.

137 1767 227 1800 qnae
251 1766 341 1790 cavo
365 1761 425 1789 aut
445 1755 566 1798 patulo
586 1754 740 1788 maxime
754 1765 818 1788 ore
845 1755 1039 1788 efferuntur
1061 1756 1105 1787 ib.
1131 1756 1187 1788 33.
1214 1755 1309 1798 quod
1326 1756 1475 1799 pluralia
1502 1756 1624 1804 singu-

137 1801 316 1836 lar-iteret
342 1801 532 1847 singularia
554 1801 738 1843 pluraliter
764 1801 958 1834 efferuntur
981 1803 1014 1843 1,
1035 1800 1069 1843 5,
1088 1800 1142 1834 16.
1175 1811 1268 1844 quae
1286 1807 1455 1844 poterunt
1469 1809 1623 1847 utroque

136 1848 245 1880 modo
288 1857 360 1880 non
397 1848 605 1880 indecenter
641 1845 759 1879 efferri
801 1849 844 1880 ib.
879 1845 936 1880 64.
969 1845 1032 1890 qui
1073 1845 1219 1880 horride
1248 1852 1355 1890 atque
1385 1847 1623 1892 incomposite

140 1891 332 1935 quamlibet
372 1890 461 1924 illud
492 1892 659 1937 frigidum
693 1893 919 1934 extulerunt,
948 1891 1103 1936 antiquis
1136 1903 1176 1926 se
1205 1903 1309 1935 pares
1333 1894 1483 1926 credunt
1508 1897 1563 1936 10,
1587 1898 1624 1937 2,

86 1977 94 1987 x
142 1940 197 1972 17.
219 1937 440 2014 gratoria
465 1936 517 1970 sic
536 1937 713 1980 efferetur,
736 1943 776 1970 ut
799 1937 1076 1981 elocutoria3
1101 1938 1294 1982 oratrix,
1320 1944 1361 1972 ut
1383 1939 1623 1974 elocutrix

138 1985 173 2022 2,
199 1984 216 2015 1
245 2008 255 2024 ‚
279 1984 313 2014 2.

96 2026 357 2069 Efficaclter-
427 2043 481 2071 est
507 2036 624 2071 minus
648 2038 740 2071 effic.
771 2038 932 2071 elocutus
961 2038 996 2080 5,
1021 2039 1078 2080 13,
1106 2038 1175 2080 25;
1215 2037 1344 2073 crescit
1367 2038 1483 2074 oratio
1503 2039 1623 2075 minus

140 2089 280 2128 aperte,
307 2083 371 2116 sed
398 2083 521 2117 nescio
546 2095 591 2116 an
613 2084 684 2117 hoc
705 2082 989 2126 ipso-efficacius
1014 2084 1050 2125 8,
1077 2082 1114 2126 4,
1141 2085 1177 2118 8.

93 2129 277 2172 Efficax.
331 2139 421 2174 nihil
443 2140 504 2174 illa
526 2139 622 2174 circa
644 2138 816 2184 cepasios
839 2137 1024 2174 Ciceronis
1045 2127 1168 2174 fabula
1189 2138 1371 2174 efficacius
1394 2141 1439 2175 ad
1465 2141 1623 2188 pericula

29 2222 46 2234 .-
142 2187 362 2232 epilogorum
385 2187 420 2228 6,
447 2189 481 2230 1,
503 2186 562 2221 41.
1512 2201 1517 2203 -

97 2231 268 2276 Effissioo
292 2241 331 2284 α)
354 2244 500 2276 absolute
517 2249 575 2275 aui
594 2243 753 2286 pendente
775 2242 990 2274 pronomine.-
1017 2239 1214 2275 dissimulet
1235 2251 1342 2287 ergo,
1370 2246 1411 2276 ut
1429 2244 1561 2280 efficiat
1584 2248 1620 2290 9,

40 2306 50 2315 =
142 2292 176 2331 2,
187 2291 254 2329 83·,
285 2289 380 2331 quod
397 2289 586 2322 honestum
602 2288 646 2322 sit
666 2288 810 2322 efficere
825 2290 923 2330 11‚1,
934 2287 988 2321 35.
1013 2292 1197 2330 testantur,
1213 2287 1297 2331 quid
1311 2287 1496 2330 effecerint
1510 2293 1543 2335 5,
1564 2293 1609 2326 14

144 2336 184 2367 11
209 2334 255 2366 N.
271 2333 343 2366 suis
362 2334 501 2366 demum
519 2334 631 2368 oculis
650 2333 811 2376 credidit,
838 2333 932 2377 quod
951 2332 1110 2367 efficeret
1131 2336 1186 2374 11,
1204 2335 1238 2376 3,
1257 2335 1315 2368 68.
1333 2333 1378 2374 cs.
1396 2338 1440 2370 ib.
1458 2336 1516 2372 54.
1536 2321 1623 2383 quid

143 2389 303 2466 ‹gularegug
307 2379 620 2459 ‹isses‘0pler¹¹1¹¹{q¹¹1e
636 2379 765 2459 efficiat
782 2380 888 2458 5'1210’
905 2379 1068 2457 ὶῖηἱῃιὸεῗ
1085 2385 1220 2414 certum
1239 2385 1293 2433 est
1306 2380 1404 2459 ίεἰῖίίεἰ
1420 2383 1456 2426 (ι’.
1479 2396 1509 2418 e.
1523 2397 1574 2428 pr
1585 2398 1624 2419 o-

62 2501 67 2504 ,
146 2435 628 2521 5211eteffioei-'essi‘s'1m13ess
653 2435 819 2515 «μζῑῗιωέῗ
836 2436 919 2512 ¹1:¹3.
942 2469 986 2510 cs.
1013 2436 1306 2515 3f¹5¹1¹¹2¹¹1¹313¹‚¹¹5,
1332 2433 1623 2521 13¹ff⁸32¹ss322⁸1

54 2523 59 2527 ·
80 2542 85 2546 ,
149 2524 228 2547 sive
248 2514 382 2558 figurae
405 2515 576 2558 (beentur,
596 2516 690 2551 idem
708 2515 864 2550 efficient
879 2518 913 2557 9,
934 2517 966 2556 1,
982 2517 1015 2550 8.
1046 2515 1091 2556 cs.
1107 2517 1140 2559 5,
1154 2518 1210 2559 10,
1221 2519 1279 2551 70.
1295 2518 1426 2561 omnia,
1450 2532 1542 2564 quae
1565 2534 1624 2557 ars

149 2558 257 2592 efficit
273 2563 308 2602 7,
329 2562 384 2603 10,
397 2561 431 2594 8.
445 2566 498 2594 est
517 2561 657 2603 vitiosa,
669 2562 700 2595 si
713 2562 857 2596 efficere
874 2563 956 2603 (Sp.
983 2562 1100 2604 conjic.
1117 2559 1300 2608 effingere)
1324 2565 1443 2598 omnia
1456 2567 1623 2610 velimus,

146 2604 293 2638 imitatio
313 2607 370 2647 11,
387 2607 421 2648 3,
442 2608 507 2641 152
527 2608 574 2642 Ν.
598 2608 660 2651 qui
672 2609 733 2643 vel
748 2601 846 2641 ’unus
869 2608 911 2639 ad
936 2612 1063 2640 cuncta
1086 2608 1273 2642 efficienda
1295 2609 1341 2652 (a.
1361 2614 1385 2643 l.
1407 2611 1622 2659 effingenda)

148 2650 299 2684 sufficiat
328 2653 384 2694 10,
410 2655 442 2694 1,
467 2653 522 2687 69.
555 2658 690 2687 tantum
715 2653 848 2697 aliquid
878 2652 1040 2695 efficere,
1073 2659 1114 2686 ut
1146 2665 1219 2688 non
1241 2655 1355 2699 possit
1376 2658 1498 2703 augeri
1526 2660 1562 2701 8,
1585 2659 1621 2702 4,

146 2699 181 2731 7.
218 2701 298 2730 toto·
323 2696 386 2730 illo
419 2703 579 2741 tempore
608 2701 673 2734 vix
703 2704 838 2732 tantum
872 2697 1034 2740 effici,
1075 2706 1244 2743 quantum
1277 2702 1497 2737 conferre
1528 2716 1622 2739 unus

146 2748 271 2786 postea
293 2753 406 2776 annus
432 2743 544 2788 possit
568 2747 601 2787 1,
628 2747 662 2788 1,
685 2743 719 2778 4.
745 2744 776 2777 si
797 2753 904 2777 nemo
932 2743 1013 2786 plus
1035 2744 1211 2781 effecisset
1234 2757 1291 2788 e0‚
1317 2758 1423 2790 quem
1449 2751 1624 2793 sequeba-

148 2793 208 2822 tur
233 2790 300 2832 10,
322 2791 369 2832 2,
392 2791 425 2824 7.
460 2795 501 2824 ut
526 2791 606 2834 plus
629 2789 761 2826 efficiat
791 2795 851 2824 aut
878 2787 994 2824 minus
1017 2793 1111 2836 1„1,
1135 2794 1175 2836 25
1212 2792 1353 2837 omnia,
1383 2804 1474 2838 quae
1495 2806 1623 2844 magna

17 2105 39 2135 ‘t'
