1728 3002
137 189 220 230 490
666 186 827 231 Libero
858 211 911 219 -—-
942 187 1138 232 Licentia

176 303 210 345 1,
234 302 292 337 37.
316 301 494 337 liberos
519 311 645 335 eorum
682 298 765 346 (qui
797 301 1046 347 periclitentur)
1077 314 1119 337 ac
1149 308 1382 346 parentes
1409 305 1610 350 producere
1633 306 1668 346 6,

172 351 208 427 11,
231 350 297 390 30;
331 347 552 430 sissingsslib.
578 348 791 393 decesserit,
818 351 853 392 3,
878 350 914 393 6,
941 349 998 384 96.
1045 355 1085 383 ut
1118 348 1195 386 cic.
1228 350 1273 384 de
1302 350 1582 397 proscriptorum
1604 351 1666 386 lib.

191 394 261 428 ecit
285 397 305 429 3
487 417 497 427 .
1014 412 1017 413 ν

125 420 327 481 Libera,
348 421 535 485 Liberatus
559 462 649 484 sum.
670 451 735 494 fig.
765 452 801 495 9,
826 453 862 495 2,
889 452 954 495 26;
988 463 1070 486 eum
1093 463 1204 487 onere
1227 451 1355 487 liberat
1378 454 1480 498 5,.6,
1510 453 1545 491 4.
1577 455 1667 490 libe-

171 502 228 531 ret
252 508 332 531 eum
357 509 455 532 noxa
484 497 519 541 5,
548 499 604 539 12,
635 499 690 530 13.
739 502 821 531 ante
844 517 891 524 --
923 510 1030 543 quam
1052 498 1279 543 praejudiciis
1303 499 1467 534 omnibus
1492 512 1594 535 reum
1622 502 1668 535 li-

171 543 315 578 beraret
337 544 372 587 6,
397 545 429 586 5,
455 546 512 578 10.
559 554 618 577 me
640 542 807 578 liberavit
829 545 1070 588 respondendi
1093 544 1313 580 verecundis
1337 548 1371 588 3,
1407 547 1441 590 5,
1477 547 1540 591 15;
1572 551 1596 580 i.
1633 562 1664 592 q.

173 592 382 670 abs401vo:
415 601 517 625 reum
541 601 561 624 a
584 589 763 634 judicibus
786 591 856 625 hoc
881 591 1102 626 defensionis
1131 592 1241 626 modo
1275 591 1420 626 liberari
1455 604 1530 627 non
1561 604 1666 639 posse

170 639 207 678 7,
259 662 269 679 ‚
294 638 354 671 20.

125 680 341 723 Libertas.
388 691 422 736 Ι)
446 695 597 737 publice.-
623 693 668 728 de
695 693 858 728 libertate
884 694 1106 728 contendunt
1124 697 1159 737 7,
1175 695 1210 738 9,
1226 696 1247 728 3
1266 695 1312 728 Ν.
1337 701 1481 740 recepta
1502 696 1666 731 libertate

170 742 206 781 7,
231 741 265 779 3.
289 742 347 774 27.
394 739 433 773 in
457 740 648 774 asserenda
671 740 734 774 lib.
764 743 857 784 reip.
882 742 917 780 6,
943 741 977 783 5,
1003 742 1037 775 8.
1086 741 1133 782 11)
1157 743 1190 773 in
1214 743 1352 774 dicendo
1367 756 1376 774 .·
1413 753 1503 786 quae
1527 742 1567 777 in
1587 743 1666 777 aliis

167 785 372 820 libertas
398 791 476 829 est,
505 785 546 819 in
570 785 649 820 aliis
672 785 871 821 licentia
893 792 1046 822 vocatur
1069 788 1103 829 3,
1130 787 1165 829 8,
1202 786 1260 822 48.
1308 787 1404 833 Quid
1435 788 1552 823 minus
1575 788 1665 836 figu-

167 837 307 876 ratum,
344 843 449 876 quam
473 843 562 867 vera
587 831 649 865 lib.
678 833 713 875 9,
738 835 773 875 2,
798 836 855 868 27.
882 832 931 874 cf.
957 835 1014 876 10,
1040 835 1073 875 1,
1103 832 1181 867 104.
1208 836 1262 875 11,
1290 835 1322 876 1,
1347 834 1406 868 67.
1443 837 1500 877 12,
1534 839 1577 877 2,
1609 837 1667 871 31.

167 877 207 912 in
235 889 280 912 eo
303 877 384 912 lib.
409 884 515 923 atque
541 878 624 912 inde
648 878 895 913 acerbitas
921 881 977 922 10,
1003 882 1036 922 1,
1063 877 1122 914 94.
1152 880 1360 924 frequenter
1383 880 1521 924 species
1546 880 1667 915 libe-

165 924 287 958 tatis
311 925 490 959 deducere
515 926 560 958 ad
584 924 906 960 temeritatem
929 926 1023 960 solet
1046 928 1102 967 12,
1127 925 1161 968 9,
1195 927 1249 959 13.
1296 937 1407 972 genus
1434 926 1529 970 dic.,
1567 928 1665 971 quod

167 970 289 1014 specie
317 970 490 1005 libertatis
520 970 650 1005 insanit
677 973 731 1013 12,
759 974 815 1014 10,
839 974 907 1014 73,
945 971 1222 1007 facundissimae
1254 971 1317 1005 lib.
1343 973 1505 1017 (antiqua
1537 985 1664 1006 comoe-

169 1018 248 1060 dia)
278 1020 334 1061 10,
361 1021 394 1060 1,
421 1018 467 1052 65
496 1018 542 1051 Ν.
591 1028 668 1053 vox
696 1017 967 1052 honestissimae
990 1018 1052 1052 lib.
1079 1020 1135 1061 11,
1164 1023 1196 1063 1,
1220 1019 1276 1052 37.
1311 1017 1532 1052 affectatores
1554 1018 1665 1053 liber-

168 1062 252 1097 tatis
279 1064 314 1106 6,
338 1066 373 1107 2,
402 1064 466 1106 16;
492 1075 578 1097 usus
603 1069 657 1098 est
679 1065 749 1098 hac
778 1064 840 1098 lib.
866 1065 900 1103 8.
925 1066 960 1107 6,
989 1066 1044 1098 30.
1071 1064 1137 1105 lll)
1162 1066 1184 1098 i.
1211 1077 1241 1109 q.
1269 1066 1324 1098 rib
1336 1077 1415 1098 era
1437 1071 1663 1108 potestas:

167 1111 195 1143 l.
220 1115 514 1144 testamentorum
538 1112 572 1152 3,
595 1111 630 1153 6,
654 1108 701 1144 84
727 1111 774 1143 Ν.
823 1121 1053 1145 numerorum
1079 1110 1143 1143 illa
1166 1111 1189 1144 l.
1212 1111 1248 1153 8,
1277 1110 1312 1153 6,
1338 1112 1394 1144 20.
1444 1111 1540 1155 quod
1557 1110 1666 1145 liber-

166 1161 279 1190 tatem
301 1155 540 1203 negligentiae
565 1156 652 1190 facit
681 1159 737 1198 11,
761 1160 796 1199 2,
821 1155 878 1191 45.
927 1168 995 1191 nec
1020 1156 1251 1190 libertate
1283 1157 1491 1200 verborum,
1519 1167 1587 1191 nec
1613 1156 1666 1190 li-

166 1202 332 1235 centia
353 1204 543 1249 figurarum
571 1205 626 1245 10,
653 1205 684 1245 1,
709 1204 765 1237 28.
814 1204 884 1237 late
916 1202 1226 1247 circumspiciendi
1259 1202 1404 1244 libertas
1451 1205 1507 1245 10,
1539 1205 1574 1246 3,
1603 1202 1662 1237 24.

165 1247 368 1281 libertatem
392 1248 459 1283 sibi
484 1248 676 1292 eloquendi
700 1249 905 1292 relinquere
930 1252 987 1291 11,
1012 1253 1047 1292 2,
1074 1250 1130 1283 28.
1179 1249 1242 1283 Est
1275 1249 1440 1292 quibusd.
1476 1249 1666 1288 scholasti-

167 1293 220 1328 cis
249 1293 506 1329 controversiis
525 1294 583 1327 tib.
612 1294 732 1328 omnia
756 1295 986 1328 enumerandi
1011 1295 1047 1338 4,
1079 1298 1114 1337 2,
1146 1295 1203 1330 92.
1253 1295 1477 1341 dialogorum
1501 1295 1664 1329 libertate

164 1339 574 1420 {gfiffsen‘ssumefissssiioffl’e}
580 1340 831 1420 ⁵512a¹233n²t³¹³3
851 1340 1665 1420 “imese1sstssmnssgsssss'222113‘1313333323‘2

164 1438 214 1466 ut
241 1439 304 1466 etc.
331 1397 380 1474 ΞΡ
397 1434 433 1474 2,
457 1432 515 1465 28.
563 1432 675 1464 verba
699 1411 844 1474 poetica,
864 1409 1027 1465 libertaie
1051 1430 1245 1464 audaciora
1269 1444 1348 1474 opp.
1373 1431 1518 1475 proprie
1543 1412 1663 1466 dicere

163 1480 231 1522 10,
265 1478 308 1521 5,
353 1476 389 1511 4.
421 1489 454 1512 v.
489 1475 723 1511 Licentia.
772 1476 844 1521 IV)
877 1480 899 1513 i.
936 1490 970 1523 q.
1007 1479 1246 1511 vacuitas:
1282 1478 1344 1511 illa
1378 1477 1472 1512 coeli
1502 1477 1566 1512 lib.
1604 1480 1664 1522 10,

162 1526 207 1566 3,
240 1527 298 1558 22.

119 1569 386 1611 Libertinus·
435 1578 507 1626 Qui
533 1591 704 1616 servus
730 1585 802 1623 est,
836 1578 866 1613 si
895 1578 1175 1622 manumittatur,
1201 1578 1240 1612 fit
1283 1579 1561 1624 libertinus,
1587 1591 1664 1616 non

163 1627 287 1661 itidem
311 1625 532 1661 addictus
556 1627 591 1666 5,
618 1629 673 1669 10,
698 1626 755 1661 60.
783 1625 826 1667 cfi
852 1629 888 1670 7,
916 1628 951 1669 3,
974 1629 1032 1660 27.
1079 1624 1254 1660 libertinis
1281 1625 1498 1661 detrahenda
1523 1633 1578 1661 est
1601 1639 1664 1662 au-

163 1673 309 1708 ctoritas
335 1675 390 1716 11,
418 1675 451 1715 1,
474 1674 532 1707 88.
563 1671 608 1714 cs.
633 1675 675 1706 ib.
705 1673 764 1707 86.

119 1719 335 1760 Libertus·
384 1729 523 1764 Claudii
545 1729 711 1764 Caesaris
735 1729 797 1763 lib.
821 1729 857 1772 6,
884 1730 919 1771 3,
945 1729 988 1763 81
1014 1727 1284 1780 N.·Cic·eronis
1315 1727 1377 1763 lib.
1410 1728 1498 1764 Tiro
1535 1731 1591 1772 10,
1625 1733 1663 1772 7,

167 1779 223 1811 31.
269 1782 467 1820 patrono
491 1775 529 1809 in
552 1776 782 1828 libertum
810 1786 939 1828 manus
962 1774 1110 1819 injectio
1141 1780 1205 1808 sit:
1247 1774 1366 1808 liberti
1398 1775 1567 1828 heredem
1601 1786 1661 1810 se-

163 1828 323 1904 &gmifflr
336 1826 412 1914 Θῖιῖε
425 1826 473 1912 76,
497 1823 532 1911 ἓ,
555 1833 645 1903 8Ero
678 1823 871 1856 libertis
904 1822 987 1857 adv.
1020 1827 1253 1865 patronos
1284 1815 1512 1857 observffnna
1542 1824 1598 1865 11,
1626 1823 1661 1866 1,

118 1925 262 1966 Libet·
309 1942 349 1970 ut
371 1937 457 1971 libet
481 1939 517 1979 2,
547 1940 602 1979 12,
636 1939 669 1971 7.
716 1936 812 1969 unde
833 1935 938 1970 libuit
962 1934 1121 1978 incipere
1145 1937 1180 1977 3,
1217 1935 1252 1976 8,
1277 1935 1319 1971 G-
1366 1934 1536 1971 inchoare
1572 1936 1663 1970 haec
1721 1964 1723 1966 .

164 1982 281 2016 studia
305 1984 367 2018 vel
390 1994 464 2017 non
487 1983 702 2025 vacabit,
743 1983 805 2017 vel
828 1993 903 2016 non
926 1981 1104 2015 libebit
1133 1985 1166 2023 1,
1192 1984 1249 2023 12,
1279 1983 1335 2015 12.
1361 1981 1406 2023 cs.
1440 1985 1471 2024 1,
1505 1985 1568 2024 10,
1601 1983 1661 2017 28.

163 2030 228 2063 sed
254 2029 361 2064 etiam
387 2041 435 2064 ex
459 2029 627 2074 proximo
653 2029 808 2063 mutuari
842 2028 931 2064 libet
968 2028 1050 2072 (sic.
1089 2029 1215 2070 Codd.;
1255 2031 1350 2070 vulg.
1390 2026 1498 2071 licet)
1541 2030 1596 2070 10,
1629 2031 1662 2071 1,

165 2078 207 2110 13
227 2078 288 2110 Fr.

115 2120 410 2163 leidiHOSssS·
441 2131 670 2166 libidinosior
693 2144 756 2176 es,
789 2142 896 2176 quam
919 2131 1013 2164 ullus
1038 2130 1149 2174 spado
1172 2129 1208 2171 6,
1233 2130 1269 2172 3,
1297 2129 1344 2163 64
1368 2130 1440 2172 Ν.;
1466 2130 1558 2164 hanc
1580 2129 1664 2163 libi-

163 2178 325 2213 dinosam
351 2179 521 2222 resupina
544 2180 730 2222 voluptate
758 2175 1026 2223 (eloquentiam)
1054 2177 1088 2219 5,
1115 2178 1171 2218 12,
1193 2177 1252 2208 20.
1314 2215 1316 2219 Δ

116 2223 288 2265 Libido.
315 2253 356 2260 —
383 2235 553 2270 effrenata
576 2241 612 2270 et
633 2235 807 2270 indomita
833 2237 922 2269 Cic.
946 2226 995 2276 4‚'
1010 2236 1046 2275 2,
1071 2233 1148 2266 105.
1198 2232 1229 2265 Ο
1253 2230 1438 2265 libidinem
1463 2231 1663 2271 deformem

164 2282 199 2322 8,
224 2283 260 2323 6,
284 2279 342 2315 40.
390 2283 522 2316 multae
547 2293 675 2316 causae
699 2280 886 2315 libidinum
912 2283 969 2322 12,
995 2281 1052 2320 11,
1086 2279 1142 2320 18.
1191 2278 1396 2321 excmphun
1430 2278 1592 2317 deforme
1615 2277 1663 2310 li-

163 2326 294 2361 bidinis
321 2330 355 2370 3,
378 2331 414 2371 7,
441 2331 498 2362 21.
545 2327 703 2362 libidinis
724 2327 889 2370 injuriam
913 2327 947 2366 9,
971 2327 1006 2368 2,
1028 2322 1085 2358 47.
1119 2323 1257 2367 species
1281 2322 1559 2368 (argumentum)
1582 2322 1663 2357 libi-

163 2372 255 2406 dinis
280 2375 314 2416 5,
345 2376 399 2416 10,
425 2374 493 2416 263
526 2373 623 2420 Quid
646 2385 696 2408 ex
725 2373 809 2406 lib.
833 2383 875 2406 ac
901 2369 1094 2404 luxuria
1117 2368 1222 2413 spei?
1266 2372 1321 2412 12,
1359 2372 1393 2412 1,
1429 2371 1464 2404 8.

117 2416 355 2460 Librarius·
394 2431 438 2464 ad
462 2430 628 2464 librarios
652 2440 737 2463 suos
762 2428 959 2472 respiciunt
983 2425 1186 2471 (oratores)
1216 2428 1273 2470 11,
1310 2428 1346 2470 3,
1372 2428 1452 2461 131.
1498 2424 1663 2460 librario-

162 2485 240 2507 rum
265 2475 435 2511 insectari
460 2476 685 2511 inscientiam
707 2477 744 2518 9,
767 2474 804 2518 4,
829 2475 887 2516 39,

117 2528 332 2571 Licentel'·
381 2544 424 2586 α)
449 2544 579 2578 Graeci
604 2543 664 2578 lic.
686 2543 797 2576 multa
822 2544 855 2584 1,
878 2542 914 2584 8,
934 2541 970 2576 6.
1017 2539 1058 2585 β)
1085 2543 1265 2585 Compar..-
1298 2539 1466 2574 Liberum
1489 2544 1525 2573 et
1549 2537 1661 2574 Cere-

161 2596 238 2618 rem
261 2598 327 2630 pro
350 2589 440 2623 vino
468 2596 503 2624 et
528 2601 643 2634 paene
667 2588 923 2630 licentius,
963 2597 1070 2630 quam
1096 2586 1149 2620 uti
1185 2585 1258 2620 fori
1291 2585 1465 2620 severitas
1499 2585 1591 2618 ferat
1623 2586 1659 2627 8,
1727 2598 1728 2611 ¹

159 2631 195 2673 6,
219 2630 277 2665 24.
319 2634 394 2667 ausi
419 2635 551 2679 aliquid
576 2636 647 2670 lic.
672 2641 733 2669 aut
757 2633 935 2667 laetius
966 2636 1008 2674 2,
1043 2631 1079 2676 4,
1115 2633 1171 2666 14.
1219 2631 1249 2666 si
1284 2630 1368 2676 quid
1404 2631 1466 2666 lic.
1503 2629 1661 2663 dixerint
1708 2618 1728 2680 1

163 2680 198 2755 ‘¹3'
227 2680 325 2757 2577·
371 2681 498 2723 petitas
523 2683 583 2717 vel
607 2682 714 2726 paulo
737 2679 796 2714 lic.
825 2680 1028 2724 voluptates
1064 2681 1122 2722 12,
1155 2679 1213 2721 10,
1242 2677 1298 2712 50.
1345 2676 1402 2710 lic.
1435 2678 1603 2709 translatu
1625 2677 1660 2717 8,

162 2745 171 2755 .
195 2746 206 2763 ,
289 2746 300 2756 .

1703 2601 1719 2638 ἀ

1688 2701 1712 2718 ¹¹?

118 2767 328 2808 Licentia·
384 2780 428 2815 de
471 2783 692 2818 oratione
733 2783 907 2826 libera,
955 2792 1059 2826 quam
1103 2779 1229 2816 Celsus
1269 2777 1509 2812 licentiam
1541 2768 1659 2817 vocat,

1725 2550 1728 2570 1

1726 2571 1728 2585 i
