1728 3002
241 234 324 276 516
862 229 1044 291 Meatu's,
1071 254 1129 263 —
1164 231 1365 276 MedIcus

277 347 414 394 pectari
437 358 485 382 m.
510 346 620 381 credo
643 346 680 390 9,
703 348 739 390 2,
772 345 833 381 65.
880 356 987 391 quem
1022 357 1071 382 m.
1101 347 1247 382 laudant
1278 348 1316 391 9,
1353 346 1389 391 4,
1419 347 1479 384 89.
1524 359 1632 394 posse
1658 360 1723 396 m.,

277 394 368 431 velit
391 396 427 437 2,
453 395 488 437 3,
514 393 546 428 5.
573 404 622 426 ιιι.
650 391 874 437 praecipiunt
899 395 956 437 12,
979 395 1014 436 2,
1039 396 1074 428 7.
1128 395 1168 438 γ)
1195 394 1268 437 adj.
1302 395 1495 428 Partieuza:
1528 406 1620 440 quae
1647 397 1728 440 (πρε

278 437 497 482 aufidum),
533 445 582 473 ut
614 451 747 484 max„
775 444 940 474 servetur
962 450 1050 474 sane
1073 439 1111 473 in
1134 440 1295 484 pluribus
1328 439 1523 485 propositis
1544 442 1579 485 9,
1607 445 1642 485 3,
1664 442 1712 478 94

275 487 421 523 vitanda
446 485 613 530 utique
638 485 736 530 (Sp.
763 492 804 520 ut
831 485 941 530 quae)
966 486 1165 520 maxime
1197 485 1344 521 concisa
1370 486 1517 521 nimium
1541 494 1577 522 et
1599 490 1700 524 velut
1724 502 1728 521 ι

275 533 429 567 ticulosa
455 533 599 576 partitio
625 531 661 575 4,
687 534 720 574 5,
746 531 793 566 24
819 535 863 566 Z.
890 537 949 575 et,
994 532 1035 566 si
1067 544 1114 566 m.
1147 534 1236 567 haec
1271 533 1425 577 patiatur
1457 539 1553 568 aetas
1587 534 1728 569 robusti

277 585 399 613 tamen
424 578 579 622 pueriles
607 589 720 612 annos
746 578 889 613 onerari
911 589 985 621 non
1008 584 1171 622 oporteat
1195 583 1227 622 1,
1256 582 1314 622 12,
1341 582 1382 623 13
1405 591 1606 624 quamn.
1625 582 1728 626 spati(

278 628 334 668 11,
363 628 398 667 2,
425 624 495 661 18.'
527 625 651 660 verbis
676 636 806 669 quam
827 636 876 659 m.
907 636 955 659 ex
989 625 1109 659 medio
1150 626 1273 659 sumtis
1308 626 1352 669 5,
1385 628 1429 669 7,
1462 628 1518 660 31.
1548 622 1702 671 ‘quam

275 671 478 716 possint
501 671 750 707 favorabiliter
772 670 807 714 4,
835 673 871 714 3,
895 674 927 705 1.
974 670 1022 704 in
1047 678 1266 716 quantum
1291 683 1338 706 m.
1364 678 1534 716 potest
1567 676 1610 716 2,
1644 676 1711 716 10,

276 718 326 759 11)
353 717 394 761 α)
419 720 442 750 1'.
468 730 497 762 ‹1-
529 730 609 761 pra
622 720 808 762 ecipue:
847 723 1015 762 quattuor
1038 730 1086 751 m.
1113 717 1304 765 generibus
1341 725 1505 753 constare
1536 719 1728 764 amplificati

276 775 360 798 nem
384 765 419 805 8,
444 762 479 807 4,
509 766 542 798 3.
591 763 628 797 id
655 775 703 797 ιιι.
730 765 802 798 hoc
825 765 934 798 modo
959 774 1223 808 consequemur
1245 766 1300 807 10,
1327 767 1362 808 7,
1386 765 1421 799 4.
1447 764 1577 799 Cicero
1601 778 1648 801 m.
1675 765 1728 810 qui

275 821 346 855 que
371 809 532 853 (partes)
569 810 731 845 defendit
755 810 789 854 5,
816 809 872 851 14,
900 811 956 845 15.
1006 812 1049 845 de
1075 811 1182 844 rebus
1207 809 1339 844 divinis
1363 823 1410 845 m.
1435 811 1558 845 dicunt
1583 814 1638 852 10,
1666 815 1698 854 1,
1722 815 1728 845 .’

276 855 442 901 equidem
468 856 505 889 id
529 868 576 890 m.
602 856 818 901 praecipiam
843 859 878 900 2,
903 859 958 900 13,
982 858 1017 892 8.
1049 863 1198 902 propter
1230 858 1325 901 quod
1348 869 1401 895 m.
1427 864 1592 902 repertus
1619 864 1672 892 est
1694 869 1728 892 m

275 902 447 937 orationis
473 905 529 943 12,
558 905 613 946 10,
638 906 696 938 72.
741 904 838 937 unde
863 903 968 943 copia
996 915 1038 938 ac
1062 903 1215 937 facilitas
1240 914 1287 938 m.
1318 903 1441 939 veniat
1466 906 1523 946 10,
1553 905 1588 946 5,
1614 907 1646 938 1.
1673 902 1719 945 cs.

277 951 310 992 1,
338 949 394 983 36.
434 952 466 991 1,
492 949 528 991 6,
553 947 589 982 4.
638 951 672 992 3,
699 950 734 992 8,
757 948 793 983 4.
839 951 873 992 7,
898 946 995 992 3,“2.
1040 950 1076 993 8,
1102 953 1137 993 3,
1161 953 1196 985 7.
1245 950 1281 992 9,
1309 951 1344 992 3,
1368 950 1424 984 58.
1476 952 1534 992 12,
1559 952 1615 992 10,
1640 950 1697 986 16.
1719 954 1728 976 ¹

274 994 582 1039 maximeque
608 994 647 1029 in
673 994 742 1038 his,
761 1006 863 1040 *quae
897 993 1169 1040 ἐπιχειρήματα
1193 1001 1369 1030 vocantur
1391 994 1427 1038 4,
1456 994 1492 1039 4,
1519 998 1551 1029 1.
1580 995 1640 1044 οἷ’
1662 998 1718 1038 11,

274 1044 332 1076 33.
363 1041 604 1085 maximeque,
630 1041 661 1075 si
689 1049 751 1075 etc.
776 1043 812 1084 6,
843 1045 876 1084 1,
903 1040 962 1076 24.
1010 1042 1257 1076 ηαεθιιῖθηῖἰει
1280 1042 1424 1086 quidem
1462 1039 1565 1077 vehit
1594 1041 1728 1089 fatigati

274 1088 474 1122 intentione
500 1088 723 1122 stomachum
746 1087 872 1131 judicis
896 1089 1045 1122 reficere
1071 1088 1315 1131 dissuaserim,
1353 1098 1463 1122 max,
1488 1087 1672 1133 quidem
1695 1088 1728 1122 bl

275 1134 315 1170 vi
343 1134 592 1178 interjectione
618 1135 714 1178 (Sp.
742 1134 905 1169 brevitet·
925 1134 1080 1177 injecta)
1104 1135 1139 1178 4,
1167 1138 1202 1178 2,
1231 1138 1295 1169 121
1322 1137 1366 1172 Ζ,
1395 1133 1455 1179 ’β)
1480 1137 1504 1168 ἱ.
1529 1147 1561 1179 q.
1588 1137 1728 1179 potis.

275 1194 339 1213 mu
354 1193 403 1214 m:
441 1187 479 1214 ut
503 1180 565 1214 illa
606 1192 669 1224 m.,
720 1192 812 1225 quae
836 1181 1004 1225 probant,
1031 1193 1110 1215 esse
1135 1182 1174 1216 in
1197 1192 1255 1224 eo,
1280 1180 1342 1227 qui
1363 1180 1583 1224 laudabitur,
1619 1181 1728 1215 creda

275 1228 309 1267 3,
336 1230 370 1268 7,
396 1228 452 1260 23.
480 1226 525 1268 cf.
554 1229 610 1270 12,
635 1230 670 1270 2,
702 1229 756 1262 18.
804 1228 926 1272 quales
950 1240 996 1261 m.
1023 1228 1135 1263 velim
1159 1230 1192 1270 1,
1219 1231 1253 1271 1,
1279 1230 1334 1262 11.
1361 1227 1457 1270 quod
1482 1237 1531 1261 m.
1569 1226 1690 1261 dicere
1709 1229 1728 1263 τ’

276 1273 342 1306 luit
366 1273 400 1314 5,
430 1275 465 1314 7,
500 1273 555 1306 16.
605 1274 755 1307 eandem
786 1275 977 1320 petendam
1007 1286 1055 1308 m.
1090 1275 1125 1318 8,
1158 1276 1192 1317 3,
1226 1275 1261 1308 6.
1298 1274 1395 1318 quod
1432 1283 1552 1308 nunc
1585 1285 1633 1308 m.
1665 1274 1726 1316 (a.

275 1317 496 1356 maximum)
521 1317 649 1352 vitium
677 1324 731 1352 est
753 1319 787 1361 9,
812 1318 847 1361 4,
874 1321 930 1353 66.
960 1319 1004 1361 cfi
1041 1322 1096 1362 11,
1131 1322 1166 1364 3,
1190 1321 1259 1355 57.
1295 1329 1401 1364 pares
1431 1330 1514 1353 cum
1549 1319 1693 1363 paribus
1727 1331 1728 1352 1

275 1363 335 1407 (ιι.
364 1368 385 1397 l.
410 1363 606 1406 facillime)
635 1370 901 1410 congregantur
928 1368 961 1408 5,
987 1368 1044 1409 11,
1068 1365 1126 1399 41.
1174 1365 1276 1410 sequi
1299 1377 1349 1400 m.
1371 1371 1516 1409 recepta
1546 1367 1582 1409 9,
1607 1368 1641 1408 1,
1666 1366 1703 1401 9.

273 1415 313 1443 ut
339 1409 490 1453 quisque
515 1409 658 1443 finietur
683 1411 787 1443 locus
813 1413 869 1453 11,
898 1413 932 1454 2,
959 1413 1017 1445 27.

227 1455 415 1497 Meatus.
450 1486 496 1492 -
519 1466 664 1510 spiritus
691 1470 727 1510 7,
759 1469 815 1511 10,
839 1469 895 1501 10.

226 1522 423 1565 Medeor·
456 1545 548 1578 quae
577 1534 692 1568 oculis
717 1533 817 1579 (Sp.
848 1533 1000 1575 morbis)
1025 1540 1087 1569 aut
1109 1533 1318 1571 vulneribus
1342 1535 1532 1570 medentur
1555 1537 1603 1578 1,Α
1620 1537 1678 1578 10,
1701 1533 1728 1570 6

272 1580 517 1622 inferioribus,
538 1581 801 1626 praecipueque
826 1581 1115 1624 adolescentulis,
1140 1592 1343 1626 parcere
1368 1587 1427 1616 aut
1458 1580 1642 1615 mederi
1669 1581 1728 1627 (στῆ

274 1628 377 1661 Codd.
406 1626 542 1670 videri;
576 1630 687 1670 aptius
709 1626 791 1667 fort.
825 1635 898 1661 erat
930 1629 1176 1670 moderari,
1219 1630 1367 1673 sequitur
1402 1631 1509 1661 em'm:
1548 1627 1668 1661 Utitur
1701 1627 1728 1662 li

270 1673 516 1707 moderatione
542 1672 671 1707 Cicero
707 1673 795 1717 etc.)
822 1675 927 1708 decet
966 1676 1019 1716 11,
1054 1676 1088 1717 1,
1116 1674 1167 1718 ,68
1203 1674 1254 1711 Ν.
1292 1686 1341 1707 cr.
1378 1673 1506 1719 quibus
1541 1670 1728 1735 advers}

269 1720 359 1753 haec
382 1720 499 1753 modis
524 1719 569 1752 sit
592 1720 807 1753 medendum
833 1719 869 1763 4,
897 1723 930 1763 1,
956 1719 1014 1754 43.
1419 1726 1422 1727 ’
1663 1726 1667 1730 ”
1720 1739 1728 1751 .

216 1772 602 1818 ’Μθᾶἰῦἃῐῐὶθῐὶῒρΰῐηι
647 1787 809 1831 plurimis
842 1787 973 1823 medic.
997 1787 1174 1822 delibutus
1199 1789 1256 1830 11,
1279 1788 1316 1831 3,
1345 1787 1438 1823 129.Ι

223 1831 459 1874 Medicina.
499 1847 535 1886 2,
562 1845 618 1888 16,
647 1846 680 1880 5.
706 1848 741 1888 2,
768 1848 827 1889 21,
858 1848 915 1880 10.
941 1844 1010 1880 erit
1034 1856 1092 1879 ars
1117 1844 1296 1879 medicina
1323 1847 1358 1888 2,
1378 1847 1435 1887 17,
1462 1834 1652 1888 39.-nied„
1679 1855 1728 1890 qu

268 1902 316 1925 ex
354 1891 608 1925 observatione
641 1891 835 1925 salubrium
867 1897 973 1936 atque
1008 1891 1064 1926 his
1107 1891 1367 1925 contrariorum
1398 1896 1541 1935 reperta
1572 1896 1626 1925 est
1659 1893 1728 1931 ίϋ.Δ

268 1938 365 1982 quod
394 1938 480 1970 duas
502 1942 622 1981 partes
655 1937 838 1973 civilitatis
863 1937 1008 1982 corpori
1035 1937 1190 1984 assignet
1228 1937 1449 1981 (Gorgias),
1484 1936 1728 1981 medicina,-

269 1991 350 2017 ιιι-,τ
375 1983 616 2017 adulationem
635 1990 753 2018 autem
781 1984 1051 2018 medicinae
1072 1990 1182 2019 vocet
1206 1993 1473 2028 coquorum
1497 1981 1728 2017 artificiuL

265 2032 301 2072 2,
327 2029 384 2072 15,
411 2029 477 2072 253
514 2029 712 2064 medicinae
738 2041 794 2064 ars
829 2032 864 2073 3,
888 2031 924 2074 6,
951 2029 1010 2065 64.
1066 2031 1162 2064 med.
1192 2031 1342 2065 inventa
1375 2029 1414 2062 in
1441 2027 1613 2073 Apolline
1644 2034 1728 2064 ostei

266 2076 399 2109 duntur
421 2077 456 2119 3,
480 2078 514 2118 7,
541 2077 579 2113 8.
626 2076 680 2110 rei
704 2076 861 2111 rusticae
896 2082 932 2110 et
962 2076 1161 2111 medicinae
1186 2081 1378 2120 praecepta
1406 2076 1463 2117 12,
1497 2076 1554 2118 11,
1586 2074 1644 2109 24.
1676 2086 1728 2123 ιιι]

266 2121 310 2155 di
326 2133 410 2156 cus
437 2140 482 2145 -
510 2121 542 2155 si
564 2127 625 2156 aut
647 2123 864 2157 valetudinis
887 2122 926 2157 vi
966 2130 1028 2157 etc.
1067 2134 1202 2156 summa
1237 2131 1312 2155 non
1341 2119 1537 2168 contingit,
1569 2120 1653 2154 dum
1686 2120 1728 2166 ip:

264 2167 385 2202 omnia
411 2169 606 2203 secundum
629 2169 807 2204 rationem
839 2168 992 2211 fecerit,
1036 2166 1313 2203 medicinae
1347 2167 1419 2200 fine
1450 2177 1524 2201 non
1558 2166 1702 2201 excidet
1719 2171 1728 2205 ἢ.

262 2215 320 2256 17,
345 2215 403 2249 25.
449 2213 649 2249 medicinae
671 2215 806 2249 studuit
827 2218 862 2256 7,
885 2217 921 2259 2,
951 2217 1006 2250 17.
1051 2214 1265 2249 medicinam
1280 2212 1461 2247 factitasse
1485 2214 1521 2256 7,
1547 2214 1583 2256 2,
1607 2213 1665 2248 26.
1689 2210 1728 2273 sia

261 2266 302 2294 ut
325 2259 364 2294 in
391 2259 567 2294 medicina
589 2263 625 2304 3,
649 2264 684 2301 2,
711 2263 746 2295 3.
1708 2273 1728 2288 ‘⁴

214 2313 426 2358 Medicus.
462 2344 506 2352 —
529 2327 852 2372 praestantissimus
876 2330 911 2372 2,
935 2329 971 2371 3,
997 2328 1032 2362 6.
1056 2338 1104 2361 ιιι.
1129 2326 1318 2363 sanitatem
1343 2335 1453 2372 aegro
1478 2325 1653 2371 promittit
1675 2291 1728 2371 (ἦ

260 2374 360 2420 aegri
384 2372 490 2418 petit)
517 2377 550 2411 2.
579 2377 635 2417 17,
660 2375 706 2409 25
730 2378 773 2409 Ζ.
797 2386 830 2408 v.
858 2373 1121 2407 Medicina.
1147 2384 1193 2407 ne
1219 2374 1311 2407 med.
1339 2373 1485 2418 quidem
1507 2372 1596 2415 scit,
1622 2383 1669 2406 an
1719 2376 1723 2379 ’

259 2420 375 2453 lorem
399 2419 523 2464 capitis
551 2421 698 2464 habeat,
729 2420 791 2464 qui
814 2421 885 2454 hoc
909 2431 948 2454 se
974 2418 1049 2463 pati
1081 2419 1176 2453 dicet
1208 2422 1250 2453 ib.
1279 2420 1336 2455 39.
1371 2418 1508 2454 faciunt
1530 2419 1602 2452 hoc
1627 2428 1664 2458 m

262 2476 427 2509 quoque,
459 2471 500 2499 ut
530 2465 688 2500 remedia
720 2466 872 2510 perinde
905 2463 1140 2510 perseverent
1176 2466 1366 2508 adhibere,
1411 2466 1473 2499 vel
1504 2463 1716 2506 desinant‚.·'

259 2509 320 2544 illa
344 2511 457 2556 recipi
480 2512 543 2546 vel
569 2511 691 2555 respui
716 2512 843 2547 vident
869 2514 905 2554 6,
942 2510 978 2553 4,
1018 2512 1074 2546 19.
1122 2517 1161 2545 ut
1197 2511 1328 2545 medici
1384 2509 1584 2546 abalienata
1625 2519 1685 2544 mo

260 2557 417 2590 membra
438 2556 645 2601 praecidant
668 2559 702 2601 8,
730 2559 765 2601 3,
789 2558 848 2592 75.
897 2557 1046 2591 medicis
1083 2556 1188 2591 etiam
1221 2558 1360 2604 integra
1400 2555 1601 2591 secantibus
1634 2558 1715 2597 10,Ἰ

258 2601 289 2633 3.
318 2602 476 2637 medicus
490 2629 500 2646 ,
530 2603 616 2647 quid
639 2603 677 2638 in
701 2615 846 2648 quoque
868 2602 1087 2638 valetudinis
1111 2614 1244 2650 genere
1267 2603 1471 2638 faciendum
1488 2601 1540 2636 ·sit
1562 2609 1624 2635 etc.
1650 2602 1673 2635 d

256 2645 329 2678 bit:
363 2648 437 2681 vim
464 2649 641 2683 sentiendi
664 2651 787 2694 pulsus
812 2661 1009 2692 venarum,
1040 2650 1174 2684 coloris
1203 2656 1323 2684 motus
1351 2657 1414 2683 etc.
1445 2657 1519 2681 non
1552 2647 1649 2681 dabit
1680 2644 1699 2693 (

258 2694 398 2724 restituit
423 2698 530 2727 locum
554 2698 675 2730 Amb.
703 2695 762 2739 1.)
787 2699 821 2739 7,
847 2698 903 2739 10,
929 2698 975 2730 10
997 2699 1040 2729 Ζ.
1066 2697 1159 2730 med.
1183 2695 1352 2731 tentantis
1384 2704 1498 2728 venas
1532 2694 1590 2736 11,
1627 2693 1662 2736 3,

251 2746 327 2770 non
351 2737 453 2773 aliter
475 2741 753 2783 praeformidat,
783 2753 889 2787 quam
915 2741 975 2786 qui
1006 2743 1140 2776 ferrum
1173 2741 1303 2776 medici
1330 2739 1442 2785 prius,
1467 2749 1572 2784 quam
1675 2778 1696 2786 A.

255 2783 398 2836 aspexit
421 2784 457 2827 4,
485 2787 517 2822 5.
544 2788 566 2820 5
597 2789 642 2821 N.
669 2788 817 2823 medicis
855 2798 930 2822 non
960 2787 1168 2832 apparentia
1202 2788 1312 2822 modo
1346 2786 1436 2821 vitia
1471 2786 1628 2819 curanda

253 2829 317 2862 sed
344 2835 450 2863 etiam
473 2831 710 2876 invenienda,
749 2845 842 2879 quae
864 2835 978 2869 latent
1002 2836 1058 2878 12,
1081 2835 1118 2876 8,
1146 2836 1201 2868 10.
1250 2832 1397 2868 arcessit
1419 2831 1570 2867 alterum
1595 2830 1691 2865 med.
