1728 3002
568 111 740 156 Alioubi
768 135 824 143 ·—
854 108 1034 152 Alienus
1507 110 1563 150 43

40 220 228 266 Aucub‘n
269 230 388 267 omnia
418 230 528 266 verba
557 233 638 262 sunt
664 225 793 261 alicubi
818 224 951 270 optima
969 226 1035 266 ,10,
1060 226 1093 266 1,
1117 223 1152 259 9.

41 277 310 334 Aiienigena.
350 293 391 321 nt
426 285 735 331 alienigenam
769 281 861 327 (sere
892 285 914 316 ι’.
938 294 970 325 q.
996 276 1262 322 barbarum)
1296 284 1332 313 et
1362 278 1450 325 (Sp.
1474 279 1564 326 om.)

43 347 139 423 Afa
150 347 244 370 rum
268 333 527 368 studiosum
553 339 614 364 etc.
637 329 888 373 insequebatur
913 330 968 371 12,
995 328 1051 369 10,
1077 325 1121 360 14
1144 326 1191 359 Ν.

101 396 114 421 1

117 395 212 422 eno·
253 401 370 435 neque
401 390 520 434 aliquo
548 387 659 422 mauis
683 386 790 420 animi
822 384 979 427 judicum
1012 381 1280 426 conciliari,
1310 386 1370 415 ant
1392 399 1437 407 —
1460 382 1568 418 alie..

89 437 190 472 nari
220 439 336 472 solent
360 439 417 478 11,
446 439 479 478 1,
505 435 560 469 18.
585 416 633 475 οῗ.
651 431 687 474 4,
718 435 750 474 1,
778 430 835 464 14.
866 441 952 475 quas
984 441 1042 463 res
1078 428 1243 480 quibus
1272 429 1412 480 rebus
1444 436 1569 464 natura

89 484 168 528 ipsa
198 483 468 519 alienasset,
490 483 539 523 5,
569 482 633 521 10,
664 481 719 512 17.
761 476 822 521 qui
870 488 891 510 a
919 475 1052 510 familia
1081 480 1163 508 sunt
1198 476 1340 508 alienati
1371 476 1406 518 3,
1440 477 1476 519 6,
1508 477 1567 512 99,

89 529 206 572 ipsum
230 528 331 563 illum
353 527 524 562 alienatae
545 524 674 560 mentis
698 534 855 557 errorem
881 523 938 567 (de
965 520 1171 564 moribundo)
1195 522 1231 562 6,
1256 521 1314 554 Pr.
1343 523 1382 554 11
1407 523 1456 555 Ν.

24 583 252 636 ’1111611118,
281 607 322 639 a,
343 607 416 629 um.
461 593 497 638 I)
524 595 612 638 ‹Juod
638 593 684 626 cul
708 594 870 633 alienum,
902 602 964 624 non
990 591 1036 622 ml
1065 602 1115 623 me
1143 591 1300 632 pertinet:
1347 589 1388 631 α)
1414 592 1572 634 simph'ci-

91 649 154 676 ier.
191 640 230 686 a)
249 644 388 676 Maso„-
426 641 606 675 abienus
635 650 680 672 an
713 636 1019 680 conjunctus?
1044 639 1080 678 7,
1102 634 1138 677 4,
1166 637 1224 670 21.
1260 635 1431 670 adversus
1459 636 1570 672 alie-

93 691 217 731 num,
253 686 564 732 propinquum
598 686 633 728 5²
666 686 722 726 12,
752 686 787 718 7.
821 693 1079 726 supervacuum
1112 681 1223 714 fuisse
1252 680 1572 734 prohiberi-patris

93 733 199 767 bonis
221 733 434 775 abdicatum,
459 732 778 767 si„esset,numero
806 729 1088 762 alienorum:
1113 738 1208 760 nunc
1237 738 1337 770 «pua,
1363 728 1458 779 filu
1481 729 1573 774 jure,

92 779 234 813 futurus
256 779 366 813 fuerit
387 777 542 812 intestati
564 778 668 810 heres
693 783 752 809 etc.
780 776 815 818 3,
837 775 873 817 6,
900 776 976 808 102.
1036 773 1075 815 b)
1102 774 1221 806 Neutr.
1244 774 1458 825 μαι-..211103
1486 775 1576 818 (phi-

95 825 262 868 losophos)
285 824 410 859 alienis
432 835 517 858 usos
541 834 619 857 esse
646 824 703 856 Pr.
730 823 783 855 17.
818 831 885 853 nec
913 830 1093 861 speremus
1115 820 1216 860 fore,
1243 823 1284 852 ut
1307 819 1453 854 aliena
1477 821 1576 865 quis-

97 881 202 914 quam
233 870 293 904 diu
318 871 432 914 ploret
454 873 492 913 6,
521 872 554 911 1,
579 869 637 903 29.
673 867 788 900 aliena
812 875 935 910 parum
957 864 1154 911 intelligere
1176 866 1211 906 6,
1237 866 1272 905 3,
1298 864 1356 898 85.
1394 871 1431 898 ut
1464 868 1509 900 ad
1532 880 1576 902 ea

97 917 197 950 velut
222 926 338 950 nova
364 921 470 959 atque
499 914 661 948 aliena
690 914 876 946 redeamus
906 913 960 953 10,
983 911 1018 953 4,
1042 914 1077 943 2·
1132 908 1176 954 β)
1202 923 1229 943 ⁶·
1257 912 1504 962 C9B¹⁷⁰P⁰⁸i¹i⁸·
1537 914 1576 957 a)

97 964 268 996 fioster:
313 967 474 995 noster
509 971 554 993 an
591 959 778 992 alienus
814 956 984 1003 (loc-1122?
1020 956 1054 999 5,
1090 957 1146 997 10,
1179 956 1235 989 38.
1268 966 1300 988 st
1330 957 1375 990 de
1412 965 1576 995 nostro

66 1008 75 1017 ‘
98 1007 196 1040 facto
222 1013 422 1050 quaeratur,
446 1023 492 1030 -
517 1005 548 1039 si
570 1006 614 1038 de
638 1004 788 1038 alieno
810 1002 846 1046 4,
869 1007 904 1046 2,
928 1002 984 1042 92-
1013 1013 1091 1049 eam
1117 1001 1335 1051 (personanafi,
1361 1002 1392 1036 si
1414 1011 1577 1041 nostra

100 1050 159 1093 sit,
186 1053 397 1092 ornandam3
441 1050 475 1085 si.
497 1051 661 1093 aliena,
691 1050 926 1083 infamandam
948 1047 1065 1082 statim
1089 1046 1133 1089 4,,
1151 1051 1186 1090 2,
1216 1050 1294 1081 129.
1331 1047 1378 1100 cst
1398 1050 1433 1092 9,
1456 1053 1493 1093 3,
1517 1055 1576 1087 22.

100 1096 270 1131 Aliena
292 1103 352 1132 aut
376 1096 685 1141 reprehendimus,
710 1101 768 1128 aut
789 1096 983 1128 refutamus
1008 1101 1071 1127 etc.
1119 1093 1315 1137 Nostra,
1348 1095 1500 1131 ndicute
1524 1099 1579 1132 in·
1632 1128 1640 1132 .

102 1141 258 1176 dieamus
285 1150 345 1176 etc.
369 1144 405 1186 6,
429 1145 464 1186 3,
489 1144 546 1176 23.
578 1140 623 1182 cf.
649 1143 691 1176 ib.
715 1142 772 1175 89.
797 1143 832 1182 7,
856 1143 893 1182 2,
917 1138 975 1174 46.
1006 1142 1064 1182 11,
1091 1142 1124 1183 1,
1150 1139 1193 1173 15
1217 1140 1264 1173 N.
1325 1138 1360 1181 b)
1386 1149 1506 1178 tuus.-
1541 1144 1580 1179 in

100 1187 260 1222 aliena
288 1187 432 1222 civitate
455 1199 501 1221 an
531 1193 603 1221 tua
627 1190 684 1228 11,
711 1189 746 1230 1,
772 1185 830 1220 47.
859 1186 920 1220 hic
942 1197 1068 1220 servus
1101 1205 1132 1210 ·-—
1163 1190 1222 1218 aut
1244 1196 1358 1220 verna
1388 1193 1495 1223 tuus
1527 1198 1581 1226 est

100 1241 181 1275 etc„
210 1238 271 1267 aut
301 1233 490 1267 alienus
523 1235 557 1275 5,
581 1235 638 1274 10,
670 1233 727 1267 67.
785 1231 823 1275 0)
848 1245 972 1266 suus.-
1006 1231 1235 1265 exercebitur
1266 1232 1382 1265 acrius
1411 1237 1582 1272 memoria

100 1278 263 1313 aliena
298 1279 567 1323 complectendo
596 1290 700 1323 quam
728 1289 812 1311 sua
837 1281 872 1321 2,
895 1281 931 1320 7,
956 1280 990 1312 3.
1023 1277 1263 1312 verecundius
1297 1278 1486 1314 dicendum
1514 1283 1583 1317 erit

101 1322 263 1359 akiena
290 1325 464 1367 laudanti,
498 1336 603 1368 quam
637 1335 722 1357 sua
756 1324 792 1365 4,
824 1326 856 1366 1,
890 1326 945 1358 13.
979 1322 1025 1364 cs.
1060 1326 1096 1365 2,
1131 1324 1166 1365 5,
1204 1324 1258 1357 16.
1297 1325 1450 1360 aliena
1477 1328 1583 1363 finxit

102 1370 218 1413 Juha„
237 1389 280 1396 —
317 1382 396 1404 sua
428 1370 470 1405 C.
496 1370 638 1404 Cassius
664 1371 699 1412 6,
723 1372 758 1412 3,
781 1371 837 1404 89.
871 1370 1033 1403 aliena
1064 1369 1183 1412 potius
1221 1380 1327 1403 causa
1363 1383 1469 1415 quam
1502 1386 1583 1410 sua

79 1415 232 1450 -fecisse
265 1417 302 1459 3,
324 1419 360 1460 7,
393 1418 447 1450 16.
484 1417 608 1451 Velles
642 1427 722 1449 eum
756 1426 840 1449 suo
875 1415 1020 1462 ingenio
1052 1415 1222 1457 dixisse,
1242 1416 1415 1451 ‘alieno
1447 1420 1582 1465 judicio

105 1463 162 1503 10,
189 1463 223 1504 1,
250 1463 330 1496 130.
363 1462 582 1505 jlu‘ijurando
613 1461 767 1495 alieno
800 1473 926 1495 suum
959 1463 1092 1495 donare
1128 1462 1162 1503 5,
1197 1463 1232 1503 2,
1267 1460 1302 1494 4.
1336 1463 1380 1504 esi
1415 1465 1449 1506 5,
1479 1467 1515 1509 6,
1546 1467 1584 1502 4.

105 1517 189 1540 sua
209 1501 336 1551 runnu,
360 1513 398 1541 et
424 1508 581 1541 aliena
603 1507 740 1551 perisse
767 1508 802 1550 5,
827 1509 862 1551 9,
889 1511 942 1541 11.
968 1507 1051 1551 quia
1077 1507 1238 1540 alien'o
1266 1508 1349 1542 loco
1373 1509 1466 1544 dicta
1489 1519 1585 1558 sunt,

105 1551 179 1586 dici
207 1563 292 1586 suo
326 1564 400 1587 non
432 1558 581 1597 possunt
610 1554 647 1596 4,
677 1556 711 1595 3,
739 1555 772 1587 3.
806 1552 850 1594 cf.
875 1555 978 1597 9‚‚1,
1008 1554 1044 1587 6.
1084 1558 1145 1586 aut
1178 1553 1338 1596 phu-ibus
1371 1562 1431 1589 aut
1464 1558 1586 1594 alie-

105 1597 182 1631 nis
209 1599 330 1641 verbis
363 1611 422 1632 res
454 1600 661 1642 ostendere,
696 1611 777 1632 cum
807 1610 889 1632 sua
922 1599 1052 1643 cuique
1085 1598 1155 1632 sint
1178 1598 1352 1645 assignata
1383 1603 1586 1645 nominibus

107 1645 165 1685 12,
191 1645 247 1685 10,
272 1643 331 1678 41.
366 1646 514 1678 Romani
550 1656 674 1678 suum
708 1644 944 1689 (vocabulum)
972 1656 1020 1679 ex
1046 1651 1198 1688 utroque
1233 1645 1389 1681 alieno
1423 1649 1590 1686 fecerunt

108 1691 143 1731 1,
166 1688 201 1731 5,
223 1689 280 1724 68.
334 1691 373 1734 y)
402 1703 430 1724 c.
455 1692 649 1724 Nominibus
672 1690 844 1734 junctum.-
874 1691 1054 1734 impendet
1076 1691 1235 1724 laborem
1256 1691 1294 1724 in
1320 1692 1453 1728 alienas
1476 1697 1590 1732 actio-

106 1744 171 1767 nes
197 1737 253 1776 12,
276 1735 312 1778 8,
334 1734 367 1769 4.
399 1734 495 1779 [cum
517 1747 631 1770 senex
655 1736 890 1770 adolescentis
913 1737 1020 1770 alieni
1048 1736 1272 1779 convicium,
1304 1755 1338 1762 -
1370 1740 1440 1774 fert
1464 1742 1525 1785 (sio
1546 1748 1590 1778 Z.
1641 1742 1644 1744 ’

109 1791 152 1813 ex
169 1782 269 1814 Anib.
293 1783 333 1822 13
360 1782 440 1824 Sp„
474 1782 542 1815 alia
568 1794 649 1816 cum
671 1782 818 1824 vitium3
856 1785 1004 1826 equidem
1028 1785 1281 1816 existimaverim
1306 1783 1413 1819 alieni
1441 1796 1590 1822 exortum

111 1836 199 1867 esse,
233 1832 270 1858 ut
293 1825 508 1871 frequenter,
543 1837 591 1861 ex
614 1830 704 1869 signo
730 1831 847 1861 variae
874 1831 1020 1862 lectionis
1042 1828 1133 1870 alia,
1172 1830 1261 1872 quod
1284 1831 1315 1861 in
1346 1835 1462 1866 ceteris
1487 1836 1591 1870 Codd.

111 1873 231 1911 legitur
251 1871 288 1914 6,
310 1873 345 1912 2,
372 1871 416 1905 14
440 1871 494 1916 S.]
531 1873 696 1907 beneficii
730 1874 773 1906 al.
806 1876 863 1915 10,
895 1877 931 1915 2,
963 1875 997 1908 6.
1037 1873 1166 1908 caloris
1194 1874 1301 1908 alieni
1333 1876 1469 1911 derisus
1495 1880 1530 1923 6,
1554 1885 1590 1922 2,

113 1916 169 1948 15.
207 1914 246 1949 in
273 1915 416 1951 civitate
439 1919 484 1950 al.
515 1921 550 1961 7,
576 1922 609 1960 1,
639 1917 695 1952 24.
731 1918 849 1952 atiena
880 1919 951 1953 fide
981 1919 1076 1953 dicet
1100 1922 1157 1962 12,
1183 1921 1218 1962 3,
1242 1923 1276 1953 2.
1312 1922 1516 1968 quicunque
1543 1928 1589 1960 al.

114 1958 231 1993 infans
253 1960 289 2002 6,
313 1962 371 1995 Pr.
399 1965 433 1997 7.
467 1970 587 1996 rector
609 1963 805 1997 alienormm
829 1965 878 2008 (a.
901 1969 922 1999 l.
953 1964 1120 2008 aliorum)
1143 1964 1368 2012 ingeniorum
1391 1971 1448 2011 10,
1472 1974 1508 2013 2,
1532 1974 1591 2006 20.

115 2005 161 2036 al.
189 2004 347 2038 instituta
369 2009 403 2048 1,
418 2009 464 2047 ⁷5,
491 2009 549 2042 60.
578 2008 753 2051 interpres
778 2010 896 2052 operis
922 2010 1029 2045 alieni
1059 2013 1117 2053 10,
1142 2014 1176 2054 1,
1199 2013 1256 2046 87.
1295 2014 1411 2047 omnis
1442 2015 1592 2051 imitatio

115 2065 163 2074 —·
185 2049 229 2082 ad
254 2050 299 2083 al.
324 2051 545 2093 propositum
578 2055 862 2088 accommodatur
890 2058 946 2098 10,
970 2059 1005 2098 2,
1038 2059 1093 2089 11.
1130 2058 1174 2090 al.
1207 2058 1369 2092 laborem
1391 2059 1532 2105 (sequi)
1554 2066 1592 2105 2,

117 2094 154 2136 6,
175 2094 211 2131 6.
243 2093 287 2134 ej}
310 2097 346 2136 7,
377 2098 433 2138 10,
463 2097 519 2130 14.
551 2100 759 2140 metaphora
793 2099 824 2132 si
851 2099 890 2132 in
914 2101 1068 2134 aliemun
1102 2099 1257 2144 (locum)
1290 2103 1391 2136 venit
1415 2106 1450 2148 8,
1473 2107 1509 2149 6,
1538 2109 1601 2143 18.»

119 2139 165 2172 al.
190 2140 282 2175 mala
303 2141 473 2175 deflentes
497 2143 534 2184 6,
561 2145 594 2185 1,
619 2144 674 2176 16.
699 2142 846 2177 imitatio
868 2155 1007 2178 morum
1028 2145 1226 2179 alienorum
1250 2147 1285 2189 9,
1310 2151 1345 2189 2,
1371 2150 1428 2184 58.
1458 2153 1503 2185 al.
1528 2163 1598 2188 no.

117 2183 214 2218 mine
240 2191 374 2220 vocant
401 2185 564 2230 ἐκβάσεις
599 2188 633 2230 5,
660 2189 714 2229 10,
745 2189 801 2222 86.
836 2194 973 2233 tempus
1005 2200 1110 2223 omne
1136 2191 1182 2225 at.
1213 2193 1366 2239 negotiis
1397 2196 1516 2231 datmn
1539 2202 1597 2244 12,

117 2232 157 2273 7,
183 2232 227 2264 10
272 2231 318 2265 al.
348 2238 466 2275 partes
493 2231 709 2276 (occupare)
735 2235 770 2274 2,
797 2236 832 2277 1,
861 2238 894 2269 1.
925 2235 1028 2269 fictae
1062 2234 1256 2270 alienarum
1288 2237 1349 2281 (a.
1374 2244 1398 2275 1.
1428 2242 1600 2288 aliarum)

118 2285 349 2320 personarum
381 2277 560 2312 orationes
593 2279 628 2322 6,
664 2282 697 2322 1,
729 2280 775 2312 25
806 2280 854 2314 Ν.
877 2293 924 2315 cr.
958 2279 1003 2321 cs.
1032 2279 1069 2324 4,
1095 2284 1131 2324 2,
1165 2284 1243 2317 103.
1269 2287 1325 2327 11,
1351 2288 1386 2330 1,
1410 2290 1600 2326 21.-velut

121 2330 186 2354 ore
215 2322 262 2358 al.
284 2323 464 2366 loquimur
489 2326 545 2366 11,
573 2327 608 2368 1,
635 2325 692 2359 39.
735 2324 773 2357 in
800 2326 845 2358 al.
874 2325 1013 2370 scriptis
1043 2327 1079 2370 6,
1102 2329 1138 2370 2,
1162 2329 1220 2362 35.
1254 2331 1369 2367 omnis
1394 2333 1485 2368 haec
1513 2347 1600 2371 cura

123 2366 167 2399 ad
191 2367 236 2401 al.
256 2365 423 2402 utilitates
455 2375 590 2413 spectat
621 2370 657 2412 6,-
678 2371 737 2404 Pr.
765 2371 819 2405 16.
853 2373 896 2406 al.
920 2375 1081 2416 uxorsl,
1106 2375 1140 2415 1,
1161 2371 1219 2408 24.
1247 2378 1282 2419 7,
1309 2379 1344 2420 3,
1372 2379 1406 2412 6.
1433 2381 1468 2415 9.
1548 2384 1600 2425 11)

123 2412 149 2444 i.
175 2423 208 2455 q.
238 2424 319 2445 non
350 2422 523 2459 aptum,
554 2418 775 2460 iniquum.-
824 2415 866 2460 α)
890 2416 949 2451 hic
978 2427 1052 2451 non
1083 2417 1236 2454 alienum
1268 2429 1321 2456 est
1344 2425 1536 2461 admonere
1561 2429 1598 2471 8,

125 2459 161 2499 1,
183 2458 219 2490 2.
253 2456 299 2498 cs.
327 2460 380 2501 12,
406 2461 442 2502 9,
466 2459 520 2495 14.
565 2461 648 2494 Non
682 2461 890 2495 alienum
921 2462 1073 2498 fuerit
1105 2463 1250 2511 exigere
1283 2471 1316 2512 1,
1349 2469 1383 2512 5,
1415 2471 1473 2506 68.
1507 2473 1601 2508 hano

125 2499 228 2545 (rem)
250 2508 458 2538 tractaturus
480 2516 554 2550 non
578 2506 695 2541 alieno
718 2508 801 2541 1000
827 2507 957 2542 videor
979 2508 1013 2552 6,
1037 2507 1075 2552 4,
1102 2510 1135 2544 1.
1168 2512 1338 2557 iniquo
1362 2516 1466 2560 loco,
1490 2519 1602 2553 alie-

126 2557 183 2580 no
211 2553 370 2592 tempore
396 2553 482 2584 Cic.
507 2554 542 2594 5,
566 2550 622 2593 14,
642 2554 678 2586 3.
734 2551 777 2595 β)
802 2566 830 2587 c.
852 2556 980 2589 Data
1007 2555 1160 2589 alienum
1187 2558 1253 2592 arti
1276 2561 1452 2596 oratoriae
1478 2564 1536 2598 Pr.
1566 2565 1602 2600 5.

128 2593 282 2643 elocutio
306 2595 438 2629 nostris
463 2597 680 2641 temporibus
705 2597 817 2632 aliena
842 2602 877 2641 2,
901 2600 935 2641 5,
962 2603 1020 2634 21.
1057 2601 1224 2636 dicacitas
1245 2624 1290 2631 -—
1317 2606 1401 2641 huic
1427 2619 1603 2651 personae

86 2672 93 2682 Ι
127 2637 339 2689 alienissima
367 2649 427 2675 ess
445 2643 482 2685 6,
503 2644 542 2686 43,
570 2644 626 2678 29.
653 2655 743 2688 «fuae
768 2644 836 2684 iam
860 2645 1056 2679 humanitas
1081 2654 1255 2692 vocatur,
1283 2663 1411 2687 severe
1435 2653 1603 2689 institutis

130 2683 262 2718 scholis
289 2685 416 2720 aliena.
460 2687 494 2732 γ)
522 2701 551 2721 ο.
575 2690 740 2724 Ablata
772 2700 816 2723 ne
839 2692 969 2734 loco,
994 2703 1039 2726 ne
1062 2698 1274 2737 tempore
1297 2695 1347 2739 (a.
1372 2701 1394 2733 1.
1417 2699 1490 2743 -ri)
1517 2701 1603 2736 alie-
