1728 3002
483 225 705 268 Conuexio
732 248 788 255 —
818 223 1083 273 consenesco
1470 233 1545 272 161

32 329 266 378 connexio.
298 359 346 369 -
366 339 470 376 terna
494 340 756 386 (epichirematos
775 336 876 383 pan)
897 339 934 381 5,
957 337 1017 383 14,
1042 339 1079 375 6.
1118 358 1164 366 -
1186 337 1248 374 iun
1269 350 1406 375 nmmo
1427 343 1470 376 ffb.
1493 345 1548 377 17.

74 408 122 414 -
146 399 235 423 vera
261 390 304 421 ib.
327 390 386 422 22.
427 403 476 415 --
500 397 549 420 ex
571 383 768 423 intentione
793 390 830 419 et
853 383 991 419 ratione
1021 386 1064 420 ι’ὂ.
1099 385 1154 420 19.
1219 384 1406 422 Connexio
1437 386 1547 431 (optt.

32 467 36 475 ,
77 435 181 468 Godcl.
206 434 301 478 quod
323 432 467 475 nescio,
492 433 597 474 unde,
624 432 712 475 quod
738 443 779 463 ex
803 432 1062 464 antecedentibus
1089 434 1197 474 potius
1225 439 1471 475 exspectamus,
1498 433 1550 474 <1:-

67 480 187 522 ficiam
210 478 419 519 Conclusi03
446 485 617 521 uirumque
645 478 877 518 Gedoynus
904 479 1000 509 vertit
1024 476 1347 520 consequence)
1376 484 1435 512 aut
1459 489 1547 514 vera

73 531 243 571 negatur,
270 535 353 558 cum·
373 523 468 558 aliud
490 522 644 576 colligit,
672 533 778 566 quam
800 521 855 564 id,
884 522 978 565 quod
996 532 1044 556 ex
1061 521 1239 567 prioribus
1256 523 1462 559 conficitur-x
1488 530 1547 560 aut

74 569 164 604 nihil
184 571 231 604 ad
253 570 502 616 quaestionem.
519 568 647 613 dicitur
667 567 848 612 pertinere
873 569 917 601 ib.
942 570 1000 601 22.

29 624 250 668 connitor·
289 637 356 673 vix
374 636 524 683 loricam
546 637 616 671 duo
643 635 790 670 connixi
813 634 970 669 humeris
995 635 1115 670 ferunt
1138 636 1176 680 8,
1199 635 1237 679 4,
1262 634 1324 671 24.

31 681 263 724 conniveo·
295 686 486 740 pleraque,
507 693 579 728 nisi
601 692 876 735 conniveamus,
901 690 938 725 in
961 693 1087 726 oculos
1110 692 1300 727 inciirmnt
1319 693 1377 735 10,
1403 693 1440 736 3,
1466 693 1524 729 16.

31 736 186 780 COBOI'·
236 750 275 796 α)
301 753 394 786 mala
417 749 674 785 consuetudine
699 759 842 793 semper
863 746 1057 782 alienum
1083 749 1298 784 laborem
1321 749 1550 794 sequendi

74 794 164 833 nihil
187 807 253 840 per
274 807 314 831 se
338 797 462 831 conari
485 799 527 840 2,
552 796 596 839 6,
621 796 657 830 6.
693 795 777 828 dnm
801 793 920 828 omnia
946 793 1113 828 timent
1143 794 1491 833 nihilffoonantur
1514 799 1553 839 2,

73 836 119 883 4,
145 843 202 876 10.
237 847 372 877 tantum
395 843 511 877 scelus
537 841 690 886 Oppium
715 851 794 887 esse
821 844 985 873 conatum
1011 842 1080 874 Cic.
1103 840 1149 883 5,
1169 842 1234 883 13,
1259 843 1318 875 30.
1343 840 1432 875 illud
1454 841 1554 885 peri-

74 886 194 921 culum
222 887 340 922 minus
369 888 514 930 vitat,
552 889 832 930 conaturque
858 884 995 928 perdite
1017 887 1062 928 2,
1094 889 1160 929 12,
1190 887 1224 920 5.
1290 885 1343 930 β)
1370 900 1438 932 ειη.
1461 886 1550 928 Ins..-

75 931 247 980 oolligere
278 935 358 969 ead.
387 944 500 968 conor
531 935 573 975 3,
607 933 654 974 6,
693 932 751 966 65.
799 941 1133 975 φιειθλοοωροιιετθ
1162 942 1332 966 conamur
1356 935 1398 974 2,
1422 934 1467 976 2,
1494 932 1552 967 15.

71 996 121 1003 —
147 978 350 1023 exprimere
374 981 411 1022 8,
436 981 479 1021 3,
504 979 561 1013 66.
589 988 695 1021 quam
717 974 931 1019 (rhetoricen)
951 976 1140 1011 instituere
1166 987 1247 1011 con.
1271 980 1310 1019 2,
1333 979 1391 1020 20,
1415 978 1452 1011 4.
1488 989 1554 1012 cur

36 1018 40 1027 ’
75 1032 151 1057 non
176 1033 258 1059 con.
286 1031 323 1059 et
345 1024 397 1058 sic
423 1034 593 1068 quaerere
619 1026 655 1065 7,
680 1025 714 1064 1,
738 1024 804 1064 553
836 1022 938 1056 velut
958 1022 1055 1066 ipsos
1078 1022 1220 1056 coneris
1242 1023 1380 1056 ratione
1404 1022 1553 1058 vincere

76 1070 132 1110 11,
159 1070 176 1103 1
191 1094 203 1111 ,
224 1070 283 1105 90.
322 1076 363 1104 ut
385 1080 516 1104 vocem
541 1068 654 1113 ipsam
679 1069 722 1101 ad
746 1072 910 1101 nostram>
926 1073 1063 1111 partem
1089 1078 1262 1102 conemur
1284 1075 1433 1103 vertere
1455 1071 1491 1112 7,
1515 1069 1553 1111 9,

9 1146 15 1151 .
75 1113 132 1148 14.
171 1115 366 1149 afficiamur
387 1121 576 1160 antequam
598 1114 741 1148 afficere
763 1123 935 1147 conemur
954 1113 996 1156 6,
1019 1116 1065 1156 2,
1087 1115 1155 1155 28;
1204 1125 1312 1158 quem
1345 1113 1553 1158 (Senecam)

75 1169 152 1193 non
178 1161 343 1205 equidem
367 1161 513 1195 omnino
539 1160 694 1194 conabar
718 1162 888 1193 excutere
915 1161 981 1202 10,
1014 1162 1032 1192 1
1049 1185 1061 1202 ,
1094 1160 1174 1194 126.
1219 1165 1342 1194 nostra
1373 1160 1554 1195 temeritas

76 1204 183 1239 etiam
204 1217 323 1243 mores
349 1206 385 1241 ei
408 1207 493 1240 dare
516 1205 702 1240 conabitur
724 1207 782 1248 12,
810 1203 872 1240 Pr.
894 1203 931 1240 4.
968 1215 1050 1239 cum
1072 1204 1150 1249 ipse
1172 1210 1363 1240 conaretur
1383 1217 1463 1240 sese
1489 1217 1555 1241 oc-

75 1249 196 1287 cidere
227 1248 272 1295 5,
314 1254 381 1295 10,
422 1252 481 1287 69.
534 1262 602 1295 pro
635 1250 733 1286 virili
766 1256 867 1295 parte
905 1250 1071 1284 conferre
1106 1250 1237 1294 aliquid
1270 1250 1315 1285 ad
1352 1252 1555 1286 facultatem

72 1295 245 1379 3³⁰?ss
241 1297 360 1333 conati
383 1307 503 1332 sumus
526 1299 593 1339 12,
622 1298 663 1339 1,
692 1299 737 1339 13
778 1301 907 1331 conata
930 1296 1086 1331 retinere
1115 1297 1290 1332 infantem
1314 1307 1423 1331 suum
1441 1303 1556 1332 mater

99 1367 111 1386 2
160 1367 172 1385 2
245 1366 256 1378 ¹

31 1397 291 1454 conqueror·
334 1410 530 1445 liberorum
552 1420 595 1443 ac
617 1414 803 1453 parentum
825 1407 1053 1442 solitudinem
1075 1408 1306 1452 conqueritur
1328 1410 1363 1452 6,
1388 1413 1423 1453 1,
1451 1411 1508 1445 18.

19 1462 315 1522 ’001111110εῆ0.
334 1497 384 1504 --
403 1477 466 1512 illa
488 1478 658 1511 adversus
682 1486 809 1510 omnes
837 1481 872 1510 et
896 1481 1041 1520 recepta
1064 1481 1101 1510 et
1124 1486 1200 1510 non
1222 1476 1412 1512 inhumana
1437 1479 1472 1522 5,
1496 1480 1555 1522 13,

74 1521 132 1556 41.
155 1529 239 1567 post
261 1524 406 1571 longam
425 1524 470 1557 de
492 1522 596 1556 bellis
621 1521 787 1556 civilibus
813 1527 919 1566 atque
942 1522 1102 1556 externis
1127 1532 1237 1566 conq.
1262 1524 1298 1566 8,
1324 1525 1360 1567 3,
1384 1524 1444 1559 78.

30 1578 258 1634 conquiro·
298 1602 368 1626 nec
389 1590 556 1624 obvias
582 1588 624 1622 di
634 1600 654 1623 c
666 1600 686 1623 e
696 1589 766 1623 nti
776 1615 787 1632 ,
812 1590 879 1623 sed
900 1589 1193 1634 conquisitas
1216 1589 1384 1634 (figuras)
1406 1590 1442 1634 9,
1464 1592 1500 1635 3,
1523 1592 1557 1627 5.

32 1635 295 1678 conscendo.
340 1647 535 1682 conscendi
561 1645 622 1689 (de
641 1645 837 1689 navigante)
858 1644 895 1689 4,
919 1649 955 1688 2,
979 1645 1036 1680 41.

32 1690 319 1743 Conscientia.
355 1715 408 1730 ⁷-
431 1702 530 1736 mille
554 1707 664 1736 testes
687 1704 734 1745 5,
761 1704 827 1744 11,
849 1701 893 1736 41
920 1703 968 1736 Ν.
1003 1702 1220 1737 conscientia
1242 1702 1413 1747 impulsus
1437 1702 1473 1745 5,
1499 1705 1556 1745 13,

71 1745 131 1782 46.
164 1748 203 1782 in
224 1749 322 1784 veris
349 1748 480 1783 sufficit
505 1758 627 1782 conse.
654 1749 710 1790 11,
739 1749 771 1790 1,
796 1751 853 1782 17.
882 1747 959 1782 sine
981 1749 1048 1783 hac
1073 1759 1194 1784 conso.
1221 1747 1295 1792 (H.
1321 1747 1558 1792 Selbsigefiihl)

75 1791 152 1835 ipsa
180 1793 318 1829 illa·ex
348 1800 509 1839 tempore
535 1793 676 1827 dicendi
704 1794 859 1827 facultas
879 1793 1023 1827 inanem
1046 1796 1155 1828 modo
1180 1794 1432 1839 loquacitatem
1460 1794 1558 1828 dabit

78 1839 135 1880 10,
157 1839 192 1879 3,
216 1842 241 1872 2
261 1842 309 1874 Ν.
345 1838 467 1874 conso.
492 1850 578 1873 suae
600 1838 730 1872 fiducia
752 1841 787 1881 5,
813 1839 858 1881 6,
883 1841 919 1873 2.
956 1840 1102 1874 malae
1129 1851 1250 1874 conso.
1279 1850 1413 1884 poenas
1438 1842 1495 1882 12,
1522 1842 1558 1882 1,

79 1884 114 1916 3.
153 1894 202 1916 ex
224 1894 345 1918 consc-
371 1896 455 1919 suae
477 1884 688 1918 infirmitatis
715 1887 750 1927 1,
774 1887 819 1928 2,
843 1887 899 1919 10.
938 1886 1064 1918 bona
1090 1896 1210 1919 conso.
1234 1889 1270 1928 2,
1297 1886 1353 1928 15,
1378 1888 1434 1919 32.
1460 1886 1496 1926 6,
1523 1888 1558 1928 1,

79 1929 138 1963 33.
166 1939 247 1962 cnm
270 1930 458 1964 maledicta
476 1936 557 1964 sunt
578 1935 738 1971 tantum,
763 1936 799 1964 et
822 1941 899 1964 non
918 1930 1119 1977 intelligere
1135 1931 1279 1965 interim
1298 1932 1414 1965 bonae
1436 1941 1558 1964 consc.

80 1978 137 2007 est
166 1974 213 2017 9,
244 1976 288 2017 2,
322 1975 380 2010 93.
430 1974 620 2053 quamlibet
652 1975 895 2009 imbecilla
920 1976 1057 2009 frons
1082 1987 1238 2023 magna
1268 1975 1559 2010 conscientia

56 2057 58 2059 ,
81 2018 276 2055 sustinetur
297 2022 356 2063 12,
378 2020 414 2062 5,
493 2019 573 2063 juro
595 2030 660 2063 per
685 2019 927 2055 infelicem
950 2021 1206 2056 conscientiam
1227 2023 1263 2065 6,
1291 2023 1349 2056 Pr.
1373 2024 1431 2056 10.

37 2075 255 2118 Gon-cius.
298 2087 401 2122 illum
421 2085 604 2120 conscium
626 2084 666 2118 in
690 2086 875 2120 tormentis
897 2086 1140 2120 nominaturus
1165 2088 1208 2130 9,
1232 2088 1274 2130 2,
1298 2089 1354 2122 82.
1393 2087 1558 2123 conscios

82 2143 263 2168 minere
285 2132 329 2176 4,
353 2135 394 2175 2,
421 2132 478 2166 84.
513 2151 560 2157 -
581 2130 715 2164 indicet
735 2132 780 2172 9,
804 2134 846 2173 2,
869 2133 926 2166 81.
964 2142 1036 2175 quo
1061 2132 1207 2166 conscio
1236 2134 1270 2175 5,
1295 2136 1330 2175 7,
1355 2134 1420 2175 37;
1457 2135 1557 2178 cujus

77 2178 148 2223 ipsi
173 2179 309 2212 conscii
332 2189 450 2211 sumus
473 2176 516 2218 4,
540 2179 583 2218 2,
606 2177 663 2211 93.
705 2175 805 2219 quasi
830 2176 1014 2209 conscium
1037 2176 1247 2210 infirmitatis
1271 2184 1413 2212 nostrae
1438 2181 1502 2221 10,
1524 2181 1560 2221 3,

77 2225 143 2266 19;
181 2235 256 2258 non
277 2224 454 2265 sustineo,
489 2233 568 2255 esse
591 2220 755 2255 conscius
778 2221 888 2254 mihi
913 2221 1121 2255 dissimulati
1147 2222 1185 2255 in
1215 2224 1290 2257 ulla
1314 2230 1414 2267 parte
1438 2224 1560 2267 judicii

78 2269 151 2303 mei
172 2271 208 2314 3,
232 2271 268 2312 6,
291 2268 348 2304 64.
388 2267 522 2303 diversi
546 2266 635 2301 sibi
659 2266 823 2300 conscius
849 2267 990 2313 generis
1017 2269 1073 2309 10,
1098 2271 1131 2310 1,
1158 2268 1246 2310 126ς
1286 2269 1451 2303 conscius
1473 2270 1562 2304 mihi

10 2348 18 2360 .
82 2325 183 2356 sum,
222 2315 373 2349 candide
404 2325 463 2349 me
498 2319 604 2358 atque
636 2312 841 2356 simpliciter
870 2312 908 2346 iu
939 2312 1101 2346 notitiam
1131 2323 1256 2348 eorum
1285 2315 1475 2360 protulisse
1502 2319 1560 2360 12,

0 2364 21 2386 ¹!
83 2362 150 2400 11,
171 2360 206 2394 8.

0 2382 17 2469 [.
39 2413 287 2458 ConsctibO.
329 2437 412 2460 cum
436 2426 481 2461 de
503 2426 559 2461 his
583 2423 747 2461 omnibus
774 2422 1024 2469 conscripserit
1049 2423 1181 2460 artibus
1204 2427 1246 2460 12
1257 2451 1277 2469 ,,
1294 2429 1352 2469 11,
1377 2425 1435 2460 24.
1470 2439 1561 2472 quae

22 2491 23 2494 ¹
83 2471 284 2514 conscripta
305 2477 389 2506 sunt
409 2471 633 2507 historiis
659 2473 715 2512 12,
738 2468 775 2512 4,
800 2473 843 2513 13
875 2481 921 2504 ne
943 2475 1062 2514 patres
1085 2471 1352 2518 conscripti
1373 2473 1563 2508 videantur

12 2549 14 2554 .
85 2516 443 2562 circumscripti
465 2519 502 2560 9,
528 2519 563 2560 3,
585 2519 644 2552 72.
669 2515 715 2557 ‘s-
738 2517 774 2559 3,
796 2517 834 2558 8,
856 2517 913 2550 18.

12 2563 31 2578 .-
47 2570 273 2615 0011801710-
312 2595 392 2618 cum
408 2583 483 2627 jam·
502 2594 520 2617 s
531 2594 551 2618 e
563 2588 692 2617 cretu
702 2594 720 2616 s
746 2588 782 2617 et
810 2593 830 2616 c
840 2592 862 2616 o
872 2594 895 2616 n
906 2593 951 2616 se
961 2587 1089 2617 oratu
1100 2594 1130 2626 s,
1154 2584 1247 2619 liber
1266 2584 1412 2628 invidia,
1436 2587 1562 2630 procul

17 2639 24 2670 g
86 2629 388 2672 contentionibus,
414 2631 545 2663 famam
567 2628 606 2662 in
626 2634 704 2663 tuto
728 2629 912 2662 collocarit
931 2631 987 2672 12,
1010 2631 1069 2672 11,
1091 2631 1127 2664 7.
1158 2631 1374 2665 consecratis
1391 2632 1561 2665 utendum

88 2680 143 2708 est
166 2674 366 2718 (vocabulis)
387 2678 422 2727 1,
444 2675 480 2718 6,
505 2674 563 2708 41.

45 2728 326 2773 Consenesco·
369 2740 408 2776 in
431 2740 693 2777 commentariis
712 2742 896 2776 rhetorum
922 2751 1178 2777 consenescere
1203 2743 1246 2785 3,
1269 2743 1312 2786 8,
1340 2743 1397 2777 67.
1433 2743 1470 2776 in
1493 2755 1562 2787 qua

86 2785 235 2830 (umbra)
258 2797 370 2831 prope
392 2784 643 2822 consenuerint
668 2785 721 2831 (a.
746 2791 769 2821 1.
795 2786 1063 2832 consueverint)
1088 2790 1144 2829 10,
1167 2786 1203 2830 5,
1228 2790 1283 2827 17.
1317 2788 1397 2832 quia
1421 2799 1493 2822 non
1517 2789 1562 2822 sit

134 2856 216 2888 Lex.
247 2856 360 2897 Quint.
1129 2857 1166 2887 11
