1728 3002
112 296 193 335 100
654 289 841 331 Autumo
870 310 926 317 -—
954 286 1113 328 Averto
1159 311 1166 314 -

158 411 223 451 11,
249 410 294 451 1,
314 407 376 443 70.
418 402 651 451 Quomodo
686 408 830 438 autem
857 407 1043 446 sequester
1072 400 1134 434 ille
1163 398 1347 444 impendet
1370 400 1552 436 laborem?
1592 404 1645 442 12,
1726 442 1728 445 7

158 455 195 496 8,
219 453 254 487 4.
293 454 416 487 Potest
439 455 555 485 autem
577 448 662 483 satis
688 449 876 495 diligenter
898 447 1083 492 accipere,
1121 458 1212 491 quae
1239 451 1311 479 tum
1337 446 1479 491 audiet,
1508 458 1590 481 cum
1613 447 1648 481 ei
1706 464 1712 467 -

162 498 314 533 dicenda
338 497 447 531 sunt?
483 499 539 539 12,
562 497 596 538 3,
620 498 666 538 3;
712 494 919 528 intuendum
949 499 1099 527 autem
1127 498 1191 535 et,
1232 492 1294 537 qui
1324 492 1388 536 sit,
1421 493 1516 537 apud
1543 504 1649 539 quem

158 545 308 579 dicimus
331 545 365 587 5,
391 546 447 585 12,
473 545 528 576 11.
571 540 693 588 Jungit
718 545 869 574 autem
899 544 942 573 et
965 539 1130 575 diversos
1154 549 1263 572 sexus
1289 538 1326 582 9,
1342 540 1386 582 3,
1407 539 1467 574 63.
1502 536 1559 572 Et
1578 539 1652 573 hoo

162 596 310 626 mitem
347 589 550 632 exemplum
580 592 624 621 et
655 586 817 631 superius
847 587 890 619 ib.
917 585 976 620 50.
1009 583 1084 630 [cf.
1112 586 1140 619 S
1147 597 1183 630 p.
1208 586 1245 628 2,
1273 586 1335 628 15,
1359 583 1446 629 22]
1491 583 1651 620 Autem

166 647 257 671 non
286 635 410 669 habuit
432 631 686 677 (soloecismus)
712 635 744 676 1,
773 632 808 675 5,
831 631 889 667 39.
1197 640 1227 652 ‘'
1680 660 1686 664 .

121 681 322 723 Autumo.
366 696 542 725 autumo
571 689 743 737 tragicum
777 687 846 732 (sio
879 689 922 722 de
951 688 1039 733 conj.
1071 690 1114 722 Z.
1150 686 1317 732 νεεὶίίιὶἰς
1353 685 1420 732 Sp.
1469 684 1657 723 tolerabile
1717 691 1722 699 ”

170 737 288 781 aut.)
320 739 355 780 S,
380 739 414 780 3,
438 738 484 770 26
511 738 545 769 S.
630 781 634 783 ῃ

126 782 383 825 Auxiliator.
406 813 453 819 -
485 791 697 839 litigantium
723 793 778 834 12,
807 792 842 835 3,
867 794 902 825 2.
1301 784 1313 801 ³

124 849 362 892 Auxilium·
407 859 599 895 memoriae
622 858 816 892 maximum
840 869 925 892 aux.
947 856 983 901 4,
1007 858 1042 901 5,
1065 858 1102 892 3.
1134 857 1239 902 cujus
1259 856 1398 891 nullum
1422 855 1513 901 erit,
1536 857 1658 895 sitam

169 909 307 941 tardum
330 907 454 949 fuerit,
489 917 572 939 aux.
598 908 654 947 10,
677 904 712 947 4,
736 904 781 947 43
824 905 997 938 adductae
1022 903 1248 938 extrinsecus
1274 902 1535 949 (quaestiones)
1557 906 1660 939 velut

170 953 302 986 auxilia
324 954 448 997 quaed.
475 954 515 994 3,
539 949 586 995 6',
613 954 647 986 7.
689 952 779 985 haec
807 962 888 985 aux.
916 951 1140 984 extrinsecus
1165 949 1378 984 adhibentur
1399 951 1457 993 10,
1481 952 1516 993 3,
1542 953 1574 985 1.
1610 949 1658 992 cs.

171 1002 214 1041 7,
242 997 287 1041 4,
314 1001 367 1032 13.
407 997 570 1032 assumtis
598 996 821 1031 extrinsecus
845 996 988 1031 auxiliis
1017 1000 1062 1038 7,
1084 996 1130 1040 4,
1153 999 1189 1030 7.
1231 1001 1273 1030 ut
1304 995 1480 1031 auxilinm
1502 996 1660 1039 obsessis

171 1046 306 1078 feratur
328 1046 362 1088 3,
389 1046 423 1086 8,
453 1046 507 1077 12.
558 1054 662 1085 aux„
695 1055 786 1087 quae
809 1055 830 1077 a
853 1043 957 1077 nobis
979 1041 1066 1087 ipsis
1090 1041 1247 1086 paranda
1263 1047 1353 1088 §unt
1377 1044 1435 1085 10,
1458 1043 1494 1085 3,
1516 1044 1550 1076 1.
1567 1083 1575 1090 Ι
1592 1041 1662 1079 sibi
1713 1071 1718 1077 ,

172 1090 305 1124 auxilia
340 1100 386 1123 ex
415 1089 501 1133 ipsis
532 1089 725 1134 sapientiae
757 1089 1000 1133 penetralibus
1034 1088 1124 1133 petit
1154 1091 1210 1132 12,
1234 1087 1296 1124 Pr.
1321 1090 1355 1123 3.
1396 1089 1675 1133 petendumque

172 1136 280 1170 etiam
301 1135 549 1169 innocentibus
574 1135 838 1170 misericordiae
862 1146 944 1169 aux.
970 1137 1026 1177 11,
1052 1138 1085 1177 1,
1107 1133 1166 1170 49.
1203 1145 1286 1168 aux.
1310 1133 1349 1168 in
1371 1133 1554 1178 publicum
1581 1135 1664 1180 pol-

171 1181 293 1224 liceri,
327 1183 420 1225 quod
445 1182 482 1215 in
505 1182 798 1225 praesentissimis
821 1181 1021 1226 quibusque
1043 1179 1214 1224 periculis
1238 1180 1330 1214 desit
1354 1182 1467 1223 10,-⁴-7,
1484 1182 1526 1223 13
1569 1191 1662 1225 «piae
1719 1211 1721 1213 ,

172 1227 220 1261 in
248 1227 467 1262 auxilium
495 1233 601 1271 atque
630 1234 950 1262 ornamentum
974 1231 1265 1273 argumentorum
1291 1231 1542 1269 comparantur
1567 1227 1602 1268 5,
1624 1227 1662 1270 8,
1723 1245 1728 1251 =

175 1276 208 1307 2.
248 1284 372 1307 omnes
402 1274 447 1306 iu
481 1273 710 1307 auxilium
746 1276 834 1308 deos
870 1273 1039 1307 invocem
1070 1271 1115 1314 4,
1148 1273 1206 1306 Pr.
1234 1272 1276 1314 53
1321 1282 1419 1306 nuno
1451 1271 1661 1315 auxiliis,
1726 1271 1728 1297 ἱ

176 1330 270 1353 nunc
297 1320 480 1365 legione
503 1320 715 1366 pugnabitur
738 1324 773 1363 2,
794 1323 852 1362 13,
866 1319 902 1354 4.
941 1319 979 1353 in
1003 1317 1132 1352 mediis
1153 1318 1255 1353 velut
1278 1328 1362 1351 aux.
1391 1317 1524 1351 nostris
1546 1317 1664 1362 posita
1722 1344 1728 1364 ³.

174 1364 223 1407 4,
257 1367 298 1407 2,
331 1368 408 1399 102.
447 1365 522 1409 ipse
547 1366 735 1400 auxiliator
760 1365 878 1412 egebit
906 1364 1043 1399 auxilio
1068 1367 1135 1407 12,
1156 1365 1202 1407 3,
1228 1367 1263 1398 2.
1304 1368 1400 1397 stant
1422 1363 1556 1397 mutuis
1578 1375 1662 1398 aux.
1679 1368 1695 1386 ‘
1715 1365 1728 1404 ,ἶ

176 1411 305 1490 omnia3
324 1413 364 1453 3,
394 1410 436 1460 4,
468 1413 522 1447 16.
570 1418 693 1447 mutuo
730 1423 814 1447 aux.
848 1411 1068 1446 sustinentur
1102 1411 1145 1454 5,
1170 1412 1228 1453 12,
1252 1408 1287 1444 4.
1328 1409 1419 1457 legis
1446 1409 1584 1445 auxilio
1609 1415 1664 1445 est
1703 1412 1728 1478 ⁴³

175 1467 260 1490 usus
308 1483 317 1499 ,
343 1459 376 1500 5,
400 1460 434 1492 9.
1495 1493 1498 1499 ,

133 1499 337 1542 Avaritia.
386 1516 442 1556 12,
467 1516 500 1556 1,
523 1514 556 1548 6.
582 1532 628 1547 ..-
660 1514 787 1557 (αηῑηιῑ
813 1512 962 1558 namra)
995 1513 1035 1556 5,
1060 1514 1120 1556 10,
1141 1514 1200 1548 27.
1231 1531 1280 1539 —-
1313 1511 1532 1547 crudelitatis
1553 1517 1666 1558 mater
1718 1514 1723 1522 ·

172 1559 236 1599 fig.
263 1560 297 1601 9,
324 1562 359 1602 3,
383 1561 438 1595 89.
466 1580 512 1585 ——
539 1561 855 1604 parsimoniae
886 1559 1035 1595 nomine
1056 1559 1212 1594 lenietur
1232 1557 1269 1602 4,
1294 1561 1329 1602 2,
1353 1561 1413 1593 77.

133 1601 315 1644 AVRI'US·
361 1627 426 1660 pro
460 1627 598 1651 avaro
632 1629 817 1662 parcum
840 1621 875 1662 3,
899 1621 936 1662 7,
964 1619 1022 1652 25.
1057 1622 1139 1651 tam-
1156 1617 1259 1651 deest
1280 1625 1403 1659 avaro,
1429 1614 1664 1660 qquhabet,

133 1703 173 1745 Α
212 1672 282 1693 iam
305 1664 398 1705 quod
423 1673 496 1696 uon
518 1664 626 1698 habet
651 1666 686 1707 8,
712 1667 746 1707 5,
769 1665 803 1699 6.
851 1664 908 1709 (in
936 1665 1082 1706 scholis)
1108 1673 1238 1699 avaros
1261 1661 1464 1709 effingimus
1488 1661 1524 1705 6,
1550 1663 1584 1704 2,
1607 1663 1664 1695 17.

192 1719 296 1746 '9¹¹³-
339 1725 511 1766 agrestem
534 1720 631 1755 tenui
659 1733 795 1755 musam
821 1719 1004 1756 meditaris
1029 1730 1145 1754 avena
1173 1717 1343 1764 (v'ersus)
1372 1719 1408 1761 9,
1431 1717 1538 1762 4‚„85
1562 1718 1607 1751 N.

135 1762 288 1804 Avere-
331 1778 482 1810 Multum
509 1778 687 1821 literatus,
723 1778 784 1823 qui
807 1778 885 1813 sine
913 1776 1128 1822 aspiratione
1155 1782 1192 1811 et
1216 1775 1390 1820 producta
1413 1773 1568 1808 secunda
1591 1774 1682 1818 syl-.
1714 1795 1719 1798 »

180 1821 259 1854 laba
283 1823 439 1856 salutarit
464 1824 623 1868 (avere
648 1830 702 1859 est
725 1823 852 1870 enim)
883 1823 943 1869 (α.
966 1828 990 1859 1.
1013 1821 1147 1866 avete)
1176 1825 1209 1865 1,
1232 1822 1268 1865 6,
1291 1822 1336 1855 21
1362 1820 1409 1854 Ν.
1435 1832 1481 1853 σν.

135 1865 374 1908 Aversatio·
400 1899 443 1906 -
474 1881 580 1915 tacita
602 1883 637 1924 8,
667 1883 701 1924 3,
725 1882 782 1917 65.
1263 1868 1266 1870 ’

135 1920 332 1964 AversiO.
359 1954 401 1961 --
433 1948 521 1980 quae
548 1949 569 1971 a
590 1938 774 1983 proposita
797 1917 1006 1983 quaestione
1030 1933 1175 1971 abducit
1197 1932 1401 1968 audientem
1421 1934 1456 1976 9,
1482 1935 1520 1976 2,
1544 1934 1602 1969 39.
1651 1955 1658 1959 -

136 1977 337 2020 Aversor·
396 1992 488 2026 idem
512 1994 598 2027 illud
630 1997 733 2031 vultu
766 1993 1005 2037 aversari,
1042 2004 1150 2026 manu
1181 1991 1420 2035 repellere
1457 1992 1520 2032 11,
1543 1992 1585 2034 3,
1608 1992 1666 2026 70.

181 2042 387 2071 aversantes
412 2038 447 2071 in
473 2041 611 2074 laevam
640 2048 777 2086 partem
799 2043 902 2078 velut
922 2040 1164 2086 propellemus
1191 2048 1318 2070 manus
1351 2038 1395 2070 ib.
1427 2037 1506 2070 113.

137 2081 308 2145 AYCFJO·
355 2094 387 2137 l)
420 2099 569 2138 proprie.-
608 2097 650 2143 α)
675 2111 721 2133 ne
751 2100 972 2133 ambulantes
1006 2102 1210 2131 avertamur
1245 2092 1305 2138 (a.
1333 2097 1357 2128 1.
1390 2090 1617 2136 avertamus)
1647 2103 1670 2125 a

183 2138 355 2180 judicibus
383 2143 438 2182 11,
463 2143 496 2182 3,
527 2146 604 2178 127.
639 2157 706 2179 nec
733 2145 851 2181 aversi
876 2144 937 2178 diu
959 2154 1079 2178 sumus
1104 2141 1163 2183 (in
1183 2141 1320 2185 judiciis
1343 2137 1505 2182 privatis)
1533 2140 1575 2171 ib.
1622 2149 1668 2183 na
1696 2169 1698 2172 ,

184 2190 362 2233 αγεηειῑιιι·
387 2197 406 2219 a
431 2186 546 2228 judice
571 2200 687 2223 sermo
711 2190 746 2234 4,
770 2195 804 2234 2,
831 2193 908 2225 103.
956 2192 995 2234 β)
1022 2191 1184 2231 Particip.
1201 2201 1211 2220 .·
1239 2194 1399 2222 aversa
1422 2195 1489 2228 pro
1513 2184 1669 2218 abvver-
1710 2212 1714 2224 ;

184 2239 248 2261 sis
274 2233 327 2271 12,
353 2234 408 2273 10,
438 2235 492 2266 32.
536 2246 731 2271 aversae
756 2243 999 2282 tectaeque
1025 2233 1182 2276 (manus)
1211 2244 1291 2275 opp.
1334 2230 1555 2265 adversus
1577 2229 1668 2263 ictus
1686 2235 1713 2262 α

186 2280 248 2306 etc.
278 2276 319 2312 9.
346 2279 384 2317 1,
409 2280 454 2311 20
478 2279 521 2311 N.
561 2281 654 2315 acies
682 2283 854 2316 luminum
882 2294 903 2316 a
927 2285 1119 2326 prospectu
1141 2288 1262 2312 rerum
1287 2286 1364 2310 non
1393 2285 1522 2310 aversa
1546 2276 1608 2316 11,
1633 2278 1668 2317 2,

190 2320 243 2350 10.
286 2331 412 2355 averso
443 2324 572 2365 pollice
603 2331 666 2369 11,
702 2331 744 2370 3,
780 2328 857 2362 104.
903 2329 1041 2363 aversis
1075 2325 1114 2358 in
1144 2323 1325 2357 sinistrum
1354 2320 1481 2364 palmis
1510 2322 1556 2353 ib.
1587 2319 1668 2354 114.

187 2374 333 2397 aversus
353 2378 372 2398 a
389 2368 505 2406 iudice
519 2381 635 2406 sermo
657 2374 713 2416 (a.
733 2378 756 2407 l.
776 2373 919 2410 aversio
936 2389 980 2398 -·
995 2367 1211 2411 sermonis),
1236 2366 1296 2411 qui
1313 2365 1443 2400 dicitur
1460 2360 1672 2410 ὁποστροφή
1700 2400 1710 2404 ,r

186 2409 277 2459 922,
300 2411 354 2443 38-
381 2411 416 2453 4,
441 2415 473 2454 1,
497 2416 551 2448 63.
582 2416 617 2458 4,
641 2421 676 2460 2,
703 2422 780 2454 105.
825 2421 871 2453 ad
893 2418 1048 2462 judicem
1071 2413 1168 2449 omni
1192 2423 1360 2447 sermone
1386 2411 1599 2454 directo,
1622 2422 1671 2445 an
1706 2432 1710 2456 t

187 2454 376 2497 aliquando
410 2468 573 2493 averso
599 2474 662 2505 per
693 2465 847 2509 aliquam
871 2465 1032 2511 figuram,
1058 2459 1248 2494 dicendum
1271 2458 1317 2492 sit
1338 2460 1382 2502 2,
1410 2459 1475 2500 13,
1501 2457 1534 2492 5.
1579 2467 1669 2492 vere
1703 2457 1710 2474 ·“

186 2508 314 2550 avefm
341 2502 454 2535 oratio
477 2502 511 2545 4,
527 2504 562 2546 4,
577 2507 621 2541 67
640 2510 683 2542 Ν.
699 2529 704 2533 κ
723 2511 838 2545 oratio
862 2521 884 2544 a
905 2509 1022 2554 judice
1047 2517 1174 2541 aversa
1195 2506 1231 2547 9,
1251 2507 1283 2545 1,
1306 2504 1360 2539 16.
1405 2503 1437 2538 si
1463 2503 1508 2537 ab
1522 2501 1670 2537 homine
1683 2517 1699 2528 -

187 2545 397 2596 ocftxdendo.
414 2555 589 2592 grassator
613 2558 826 2590 avertendus
850 2556 894 2590 sit
919 2558 976 2598 12,
1003 2556 1037 2592 1,
1061 2553 1117 2588 39.
1174 2552 1224 2593 ΙΙ)
1249 2554 1366 2583 transl.
1391 2551 1434 2592 α)
1458 2559 1507 2582 ne
1533 2554 1670 2586 avertat
1704 2565 1710 2571 ›

188 2599 342 2622 *mmmm
366 2593 531 2627 ‘¹¹⁸0‘fflfis
559 2598 589 2636 l,
616 2601 670 2640 12,
697 2603 749 2634 13.
785 2613 830 2636 ne
856 2602 976 2646 jejuna
997 2597 1142 2633 traditio
1166 2602 1345 2631 averteret
1368 2595 1506 2629 animos
1529 2596 1613 2637 3‚1‚
1633 2595 1667 2628 3.

186 2633 296 2676 fides,
332 2647 443 2688 quam.
459 2648 526 2672 nec
552 2642 662 2685 gratia
686 2651 904 2690 ἂνω-τετυ,
929 2650 962 2689 1,
986 2644 1042 2679 24.
1081 2655 1163 2678 cum
1185 2647 1324 2678 avertat
1348 2646 1536 2686 patronus,
1561 2638 1672 2684 (qu'ml
1704 2646 1710 2682 j.

188 2687 363 2732 accusator
390 2684 563 2735 obJecerit)
589 2688 622 2728 5,
638 2691 694 2730 13,
712 2694 745 2723 2.
780 2694 894 2727 averti
911 2692 1113 2726 intellectus
1137 2690 1250 2731 solet,
1275 2698 1358 2722 cum
1370 2687 1414 2720 ab
1431 2682 1672 2730 asperioribus
1689 2697 1703 2728 g

172 2725 234 2758 ⁴ad
256 2726 392 2760 leniora
414 2728 611 2779 deflectitur
633 2734 676 2775 6,
701 2737 742 2777 3,
771 2738 827 2771 87.
878 2744 1042 2772 avertere
1064 2735 1103 2770 in
1126 2734 1216 2768 alios
1240 2733 1376 2768 crimen
1406 2734 1463 2775 11,
1490 2735 1524 2774 1,
1547 2731 1603 2773 65.
1635 2734 1671 2774 7,

188 2772 223 2813 2²
240 2772 299 2824 ¹⁰⁰.
342 2774 384 2826 ρ)
408 2775 478 2816 ‘¹⁴¹1-
506 2778 553 2807 Pr
555 2788 685 2818 aepos,‚-
711 2779 842 2826 (risus)
866 2783 1021 2817 animum
1044 2781 1089 2815 ab
1111 2779 1311 2814 intentione
1332 2789 1452 2812 rerum
1466 2778 1675 2822 frequenter

187 2821 315 2850 averm
337 2819 373 2858 b,
400 2819 435 2860 3,
459 2821 491 2852 1.
527 2820 672 2871 gincius)
697 2835 718 2858 a
744 2828 940 2869 potioribus
963 2832 1101 2862 avertat
1123 2822 1321 2870 (impetum)
1345 2825 1382 2867 9,
1406 2822 1442 2866 4,
1470 2825 1527 2858 35·
1565 2833 1675 2858 &Ver-

186 2866 263 2896 tere
286 2861 332 2896 αδ
357 2863 561 2899 adversane
587 2867 738 2909 judicem
764 2873 802 2915 6,
827 2877 860 2916 1,
883 2877 940 2909 11.
974 2873 1019 2914 cs.
1043 2873 1080 2916 9,
1105 2874 1142 2916 2,
1162 2873 1220 2907 91.
1245 2887 1291 2896 -
1326 2880 1347 2905 n
1369 2868 1600 2904 miseratione
1625 2870 1670 2903 ι’ὀ.
1690 2900 1706 2924 ,ι
