1728 3002
467 186 521 229 de
549 183 841 228 Grammatico·
866 183 1174 236 Quintilianea.
1470 182 1603 221 Lxlx

0 325 10 349 ι
66 302 181 352 sim
209 301 437 350 animum
453 302 565 366 ejus
592 299 945 348 habiturus.
965 299 1023 349 Ζ.
1091 302 1156 347 111
1176 296 1604 366 interrogatione

0 401 11 424 ι
67 380 301 449 figurata
332 379 597 446 reperitur
626 378 683 428 vi
715 377 1105 427 condicionali:
1148 397 1199 440 1,
1237 394 1321 438 12,
1354 380 1414 426 18
1432 376 1606 442 facile

0 452 11 527 ζ’
59 458 393 526 persuadebit
427 458 551 518 stoi,
602 467 667 507 ut
705 466 934 524 tempora
969 485 1038 493 —
1083 458 1391 521 geometriae
1423 456 1603 522 potius

9 559 14 567 ²
68 556 132 586 ac
178 537 398 587 musicae
444 538 727 604 impendat,
794 554 958 602 quan
971 545 1033 586 to
1079 537 1204 603 plus
1253 535 1604 584 delectationis

1 668 6 670 ,
68 615 415 666 habiturus
434 654 448 677 ,
510 634 662 683 quam
701 633 766 664 esc
805 616 911 664 illis
947 617 1224 665 ineruditis
1259 614 1606 682 voluptatibus

69 711 172 760 pro
210 713 364 761 quum
393 705 563 745 tamen
590 695 751 744 multo
774 695 897 760 plus
923 694 1193 745 habiturus
1230 704 1371 744 esset.
1447 695 1607 743 Cete-

68 784 188 842 rum
211 778 501 823 admodum
520 774 676 840 juvat
697 767 967 822 interdum
990 778 1096 823 hoc
1114 774 1463 839 participium
1488 774 1610 819 bre-

71 851 296 902 vitatem
329 853 568 913 dicendi,
604 868 668 901 ut
699 871 752 914 7,
781 866 838 913 4,
875 854 932 900 18
963 871 1072 918 spes
1103 855 1156 902 in
1173 857 1431 918 futurum
1457 851 1610 898 inno—

72 940 245 980 center
276 933 341 979 vi
345 950 372 980 c
383 941 450 980 tu
461 933 526 979 ri
549 941 602 980 et
628 933 681 979 in
706 932 875 996 aliquo
898 950 994 980 usu
1011 933 1254 997 futuri
1278 949 1380 998 pro
1398 933 1529 995 fore
1551 936 1615 977 ut

23 1037 26 1039 -
74 1009 367 1059 innocenter
397 1012 539 1059 viz-at
566 1020 614 1059 et
643 1012 695 1058 in
726 1012 896 1076 aliquo
925 1028 1023 1059 usu
1052 1012 1133 1060 sit.

212 1090 270 1154 c)
324 1090 627 1139 Ablativi
670 1089 968 1137 absoluti
1019 1106 1088 1137 ex
1132 1088 1251 1137 solis
1293 1086 1612 1136 Nominibus

37 1206 54 1212 -
74 1167 289 1215 formati
307 1160 470 1216 =sunt:
506 1183 563 1231 9,
584 1183 639 1229 2,
662 1173 728 1222 24
760 1186 847 1216 reo
874 1170 1086 1216 Scauro.
1122 1170 1187 1216 cf.
1223 1183 1307 1227 10,
1345 1184 1362 1212 1
1382 1204 1395 1226 ‚
1427 1182 1519 1227 223
1564 1164 1612 1224 6,

23 1231 157 1295 [Pr.
187 1243 220 1292 6
262 1245 487 1295 liberis
519 1248 980 1312 superstitibus
1017 1249 1132 1313 (Sp.
1166 1247 1268 1314 adj.
1300 1244 1613 1307 oblectabar)

15 1377 31 1388 ‚
56 1332 131 1378 ,et
166 1352 233 1359 -—
277 1343 364 1373 me
406 1326 579 1374 sal-co
627 1327 875 1375 mas-imos
910 1328 1175 1376 cruciat-us
1209 1325 1497 1392 praecipiti
1528 1323 1615 1371 ria

31 1420 33 1423 ’
76 1403 296 1469 effugit;
341 1421 407 1452 ex
444 1404 733 1470 Participio
767 1407 893 1454 Fut.
931 1407 1055 1454 Act.
1107 1422 1164 1453 12
1180 1443 1191 1462 ,
1228 1421 1320 1464 10,
1356 1420 1416 1465 73
1451 1420 1616 1467 genus

23 1517 32 1523 «.
78 1481 302 1543 dicendi,
337 1484 472 1548 quod
501 1485 781 1544 casuris,
818 1486 868 1533 si
890 1485 1070 1533 let-iter
1092 1485 1451 1542 excutiantur,
1482 1482 1556 1546 fl
1565 1498 1616 1528 o-

74 1561 276 1609 sculis
307 1563 469 1620 nitet;
505 1578 571 1610 ex
600 1563 985 1628 Comparativo
1013 1562 1303 1629 Participii.
1348 1578 1399 1608 11
1418 1598 1431 1622 ,
1466 1577 1518 1619 3,
1550 1554 1614 1623 95

0 1659 1 1679 ÷
36 1646 222 1688 -‘tanto
261 1641 821 1691 contractioribus
856 1643 1052 1691 ultimis
1091 1642 1366 1705 digitis,
1425 1648 1617 1705 quanto

38 1735 40 1738 ’
64 1719 271 1783 priores
298 1720 661 1769 descenderunt
670 1738 694 1778 ,·
724 1737 791 1768 ex
814 1723 1026 1770 duobus
1047 1720 1370 1786 participiis:
1407 1718 1453 1778 ὅ,
1481 1720 1528 1778 8,
1552 1733 1613 1763 21

14 1830 27 1841 ,
77 1797 231 1846 etiam
262 1799 582 1848 detractis
605 1800 920 1865 sequent-ibus
937 1837 951 1861 ,
989 1800 1141 1867 cujus
1164 1798 1370 1867 generis
1390 1800 1620 1846 alterum

80 1879 388 1942 exemplum
422 1879 468 1939 8,
493 1895 541 1939 2,
570 1894 630 1942 19
663 1880 977 1927 emutatis
1012 1880 1066 1926 in
1093 1896 1394 1944 perversum
1425 1876 1620 1925 dictis

81 1953 144 2000 de
154 1956 355 2016 figuris
386 1955 445 2003 in
477 1957 716 2023 Zumptii
751 1957 988 2006 editione
1023 1961 1294 2006 sublatum
1324 1971 1417 2004 est.

182 2029 342 2078 Mixti
371 2047 427 2079 et
456 2036 691 2082 connexi
713 2052 838 2084 cum
870 2036 1058 2084 ceteris
1082 2034 1338 2084 orationis
1361 2033 1622 2098 partibus,

35 2143 38 2145 Α
81 2121 199 2154 11011
216 2106 378 2173 igitur
395 2126 523 2158 vere
543 2113 769 2159 absoluti
789 2113 1056 2173 Ablativi,
1085 2126 1213 2160 sunt
1234 2113 1292 2158 in
1310 2111 1412 2159 his:
1454 2128 1497 2171 1,
1521 2127 1565 2171 1,
1590 2125 1620 2158 1

67 2185 265 2249 “Igitur
289 2196 441 2235 nato
458 2189 564 2251 fil
572 2190 627 2236 io
640 2198 798 2254 pater
815 2207 949 2254 spem
980 2191 1041 2237 de
1071 2191 1189 2237 illo
1208 2190 1439 2255 primum
1470 2206 1622 2254 quam

84 2265 325 2328 optimam
351 2266 535 2331 capiat.
570 2277 681 2327 (11,
711 2287 753 2326 1,
782 2270 843 2315 82
875 2268 1018 2315 tollit
1049 2268 1212 2315 editio
1242 2268 1622 2333 Zumptiana).
1678 2316 1681 2318 .

84 2342 300 2390 Deinde
322 2344 380 2392 in
399 2345 730 2395 Accusativo
761 2362 884 2393 cum
916 2339 1191 2395 Infinitive
1230 2364 1284 2393 11
1303 2383 1316 2408 ,
1352 2364 1402 2406 1,
1440 2349 1502 2395 28
1522 2349 1624 2410 fu-

87 2421 212 2469 isset
239 2424 506 2483 tumidius,
548 2425 598 2472 si
621 2426 970 2490 accipiendum
1001 2426 1228 2472 criminis
1259 2426 1365 2473 loco
1394 2433 1630 2488 negasset

47 2558 50 2561 Ι
93 2500 288 2560 Ct'cero,
331 2503 531 2566 Equitis
558 2504 785 2551 Romani
812 2521 913 2551 esse
927 2504 1107 2564 filium
1135 2522 1185 2552 se
1220 2505 1625 2568 defendente,

88 2570 184 2643 qui
204 2581 377 2639 locus,
411 2581 523 2645 ipse
551 2584 715 2646 plane
733 2583 1021 2650 legitimus,
1058 2582 1340 2630 transitum
1371 2583 1533 2630 faciat
1557 2585 1628 2629 ad

87 2659 258 2704 multo
279 2658 461 2706 durius
481 2659 639 2709 illud:
675 2663 722 2721 8,
745 2678 791 2722 2,
815 2678 841 2708 2
864 2670 926 2709 ut
951 2662 1061 2721 ille,
1097 2662 1189 2725 qui
1217 2662 1269 2707 in
1291 2663 1490 2709 actione
1516 2661 1628 2709 Ibe-

90 2735 227 2783 ricas
264 2736 441 2786 herbas
459 2774 474 2797 ,
527 2756 587 2787 se
633 2740 729 2788 sol
736 2757 765 2788 o
807 2741 1143 2806 nequidquam
1185 2741 1251 2787 in
1266 2748 1324 2788 te
1335 2741 1385 2787 ll
1392 2741 1417 2787 i
1418 2749 1625 2803 gente,
