1728 3002
588 220 807 278 Discipula
837 245 894 254 -
922 219 1054 264 Disco
1510 228 1592 266 243

57 363 59 365 ·
105 341 412 388 disciplinam
434 345 666 374 mensumn
689 343 841 372 artem
860 340 994 371 ‘vocant
1008 337 1183 379 2,17,38.
1202 335 1326 371 amnis
1346 336 1434 371 disc.
1450 348 1589 374 memo·

103 391 319 426 ria-constat
341 390 398 430 11,
418 389 454 429 2,
479 389 521 427 13
547 384 704 431 legitima
729 383 820 418 disc.
846 386 878 424 1,
903 385 960 427 10,
983 384 1041 418 30.
1065 382 1152 417 disc.
1177 393 1306 418 severa
1331 385 1364 425 1,
1387 385 1423 427 2,
1447 384 1487 426 5;
1513 386 1591 427 eins

70 467 73 469 .
102 436 159 473 rei
184 446 303 481 neque
329 431 583 477 disciplina
607 432 681 464 ulla
704 430 743 464 in
769 430 926 472 scholis,
962 438 1079 474 neque
1106 428 1401 463 exercitatio
1440 429 1591 465 traditur

103 483 147 527 5,
168 486 212 525 7,
238 483 297 516 28.
328 479 415 514 disc.
441 478 596 513 musices
621 480 663 518 1,
693 478 757 519 10,
784 477 840 510 15.
871 475 988 509 omnis
1011 475 1154 510 honesti
1178 475 1332 520 iustique
1357 475 1443 511 disc.
1473 479 1528 519 12,
1554 480 1590 520 2,

104 533 143 571 1;
176 528 240 563 filii
276 528 435 562 formare
468 522 691 568 disciplinam
715 521 762 564 4,
785 523 844 556 Pr.
875 525 905 556 1.
939 521 1127 566 disciplina
1154 521 1315 566 (oratori)
1341 523 1589 567 pertractanda

103 581 159 610 est
183 577 240 618 12,
256 575 295 616 2,
314 573 347 608 1.
369 571 431 616 qni
457 568 650 615 (Epicurus)
676 570 800 615 fugere
824 579 967 602 omnem
987 568 1208 612 disciplinam
1235 568 1463 615 navigatione
1488 580 1592 614 quam

102 619 331 658 velocissima
352 618 450 662 jubet
472 620 517 650 ib.
546 615 612 659 243
638 615 849 660 disciplinae
872 620 1064 649 contextus
1090 617 1125 657 3,
1147 618 1184 658 7,
1210 616 1265 649 15.
1291 615 1406 649 omnis
1432 614 1592 660 discipli-

101 676 172 701 nae
200 665 303 701 initia
333 665 378 698 ad
398 662 621 708 propositum
647 662 714 696 sibi
745 661 1001 706 praescriptum
1028 661 1175 695 formari
1198 660 1363 696 videmus
1391 663 1451 704 10,
1480 664 1523 698 2.
1556 664 1591 697 2.

91 714 206 748 *vei-t
232 711 386 757 quodam
419 708 640 752 iucundioris
670 708 878 752 disciplinae
910 708 1002 741 lacte
1042 711 1084 750 2,
1119 706 1143 741 4
1162 733 1174 750 ,
1206 709 1240 742 5.
1289 708 1379 742 disc.
1418 707 1596 744 severitas

102 761 138 802 2,
161 761 197 802 2,
219 756 265 801 43
300 756 380 791 sinc
403 755 589 800 disciplina
615 758 659 797 2,
683 758 745 796 12,
771 757 827 788 12.
863 753 952 787 nihil
977 753 1139 797 adjuvari
1163 753 1347 797 disciplina
1373 753 1509 798 (mor-es¹
1538 757 1595 797 12,

100 807 149 848 -2,
170 807 206 839 2.
240 815 314 838 ars
336 802 425 845 erit,
455 813 546 846 qnae
574 801 830 844 disciplina
861 799 998 844 percipi
1023 800 1130 839 debet
1155 802 1197 843 2,
1223 801 1289 843 14,
1315 802 1348 835 5.
1401 799 1445 845 β)
1475 803 1592 835 Phar..-

101 849 311 895 disctplinae
339 849 484 883 altiores
506 852 542 890 2,
567 850 601 890 1,
622 849 656 881 3:
680 847 886 880 liberalibus
914 845 1111 889 disciplinis
1141 849 1197 887 12,
1222 849 1259 889 7,
1285 847 1319 881 8.
1351 849 1413 888 12,
1442 849 1482 881 11
1498 872 1509 888 ,
1533 849 1592 880 21.

101 896 191 932 ὤεα
215 895 255 932 in
277 895 459 930 diversum
490 894 678 928 tendentes
707 896 748 935 1,
773 896 837 934 12,
863 895 903 933 1;
944 893 1031 926 disc.
1059 897 1203 925 nostrae
1228 903 1276 925 ex
1301 892 1449 926 Graecis
1477 893 1594 927 fluxe-

34 950 45 957 ·
100 947 186 977 runt
208 945 249 985 1,
277 944 319 983 1,
343 944 400 975 12.
436 940 658 974 intellectum
695 938 962 982 disciplinarum
998 948 1126 981 capere
1157 940 1202 970 ib.
1237 939 1291 972 15.
1327 938 1473 972 aliarum
1503 939 1592 972 disc.

101 987 219 1022 studia
236 986 470 1033 ingredienda
493 992 574 1020 sunt
600 988 617 1018 1
631 1011 642 1027 ,
669 987 731 1027 10,
755 987 789 1018 2.
827 985 872 1017 ad
894 984 1140 1027 percipiendas
1158 983 1363 1029 disciplinas
1389 985 1412 1019 6
1426 1011 1435 1028 ,
1457 985 1516 1018 Pr.
1537 986 1592 1018 10.

87 1043 178 1068 'non
194 1031 383 1068 contentus
402 1031 610 1075 disciplinis,
639 1041 726 1074 quas
742 1036 923 1074 praestare
941 1036 1106 1074 poterant
1125 1029 1291 1064 Athenae
1317 1033 1350 1072 1,
1369 1034 1425 1071 12,
1445 1031 1502 1066 15.
1535 1030 1596 1075 qui

101 1077 300 1123 (Epium)
325 1077 528 1122 disciplinas
555 1087 680 1111 omnes
702 1076 794 1122 fugit
817 1080 862 1119 2,
888 1079 952 1118 17,
979 1077 1023 1110 15
1050 1077 1099 1111 N.
1130 1087 1222 1120 quae
1244 1076 1373 1110 talibus
1398 1075 1595 1121 disciplinis

101 1124 331 1159 continentm·
355 1126 420 1167 12,
444 1126 489 1167 2,
517 1124 574 1159 19.
604 1122 767 1168 plurimis
791 1122 882 1167 (Sp.
910 1122 1094 1167 pluribus)
1123 1121 1319 1168 disciplinis
1347 1133 1437 1167 opus
1463 1127 1529 1158 est.
1561 1126 1594 1165 1,

54 1195 290 1271 ,υῇἐθὶρυιθο
345 1226 473 1260 Latina
507 1226 676 1262 facundia
713 1225 839 1260 similis
875 1224 1037 1260 Graecae
1071 1234 1115 1258 ac
1142 1234 1290 1269 prorsus
1316 1225 1394 1270 ejus
1423 1224 1597 1270 discipula

71 1272 244 1314 Alidem?
270 1275 327 1316 12,
353 1274 411 1316 10,
435 1275 494 1308 27.

35 1302 316 1377 snisscipulus.
371 1330 430 1363 De
455 1328 577 1364 officio
602 1328 857 1372 discipulorum
883 1330 920 1371 2,
947 1326 1037 1371 Cap.
1061 1328 1097 1363 9.
1126 1325 1384 1368 discipulorum
1410 1328 1512 1362 turba
1539 1329 1596 1371 10,

2 1376 42 1422 4'-
100 1374 144 1418 5,
166 1377 227 1418 21.
249 1392 296 1399 -
344 1375 620 1410 declamationes
645 1378 686 1416 2,
710 1377 752 1416 2,
790 1375 814 1408 6
847 1374 894 1409 Ν.
955 1373 1119 1418 discipuli
1141 1373 1268 1407 melius
1292 1373 1445 1408 instituti
1476 1377 1518 1416 2,
1555 1377 1597 1418 3,

0 1426 9 1438 ”
100 1423 160 1457 21.
189 1419 222 1456 si
242 1421 352 1456 modo
375 1427 458 1455 sunt
480 1427 579 1456 recte
602 1420 753 1455 instituti
781 1419 868 1453 disc.
892 1422 927 1463 2,
950 1422 986 1463 2,
1016 1421 1049 1454 8.
1076 1426 1115 1454 ut
1141 1419 1333 1463 historiae,
1358 1426 1465 1464 atque
1488 1420 1596 1455 etiam

99 1465 212 1514 magis
234 1468 455 1511 orationum,
485 1468 641 1501 lectione
664 1471 850 1510 susceptos
877 1478 898 1499 a
922 1477 961 1500 se
986 1466 1178 1510 discipulos
1205 1465 1417 1500 instruxerit
1440 1468 1474 1509 2,
1500 1468 1534 1510 5,
1561 1469 1595 1501 1.

0 1516 61 1556 ς”,ζς
101 1517 143 1550 ut
163 1513 453 1558 praeceptoribus
479 1513 644 1558 discipuli
665 1513 891 1547 traderentur
917 1515 960 1555 2,
986 1515 1003 1545 1
1018 1538 1030 1555 ,
1056 1515 1088 1546 1.
1121 1523 1169 1546 ex
1193 1511 1326 1554 judicio
1351 1512 1596 1557 praeceptoris

0 1572 23 1600 ς,
103 1558 298 1603 discipulus
321 1561 475 1604 pendeat
501 1563 535 1600 2,
554 1563 589 1602 2,
604 1561 640 1595 9.
667 1565 863 1603 sequentur
888 1557 1065 1602 discipuli,
1092 1568 1164 1603 quo
1193 1558 1338 1592 duxeris
1363 1559 1398 1601 8,
1428 1559 1485 1592 Pr.
1510 1560 1532 1593 3
1551 1562 1593 1593 Ζ.

10 1632 22 1652 ,,
58 1642 62 1651 ,
101 1615 172 1639 nec
197 1605 269 1639 hoc
303 1606 438 1640 oratori
471 1606 679 1652 contingere
710 1605 805 1639 inter
835 1604 1079 1647 adversarios,
1123 1605 1219 1649 quod
1251 1605 1476 1651 Pythagorae
1504 1604 1600 1639 inter

13 1653 18 1663 ²
97 1649 297 1695 *discipulos
325 1657 446 1696 potest
468 1655 531 1694 11,
561 1655 602 1694 1,
626 1654 685 1686 27.
718 1650 820 1685 caedi
854 1650 1048 1694 discipulos
1076 1650 1156 1694 (Sp.
1184 1650 1378 1690 discentes)
1403 1651 1598 1694 quamlibet

19 1694 25 1699 “
49 1723 51 1725 ·
101 1702 140 1732 et
163 1702 348 1742 receptum
369 1697 434 1739 sit,
465 1704 502 1732 et
529 1697 750 1742 Chrysippus
777 1707 852 1730 non
877 1696 1076 1740 improbet,
1103 1696 1250 1731 minime
1278 1696 1390 1730 velim
1417 1700 1449 1739 1,
1478 1698 1514 1738 3,
1540 1697 1596 1732 14.

31 1764 37 1769 ·
102 1741 296 1786 discipulos
329 1754 486 1786 moneo,
521 1750 560 1778 ut
592 1749 844 1789 praeceptores
878 1753 963 1777 suos
996 1753 1071 1776 nou
1101 1742 1218 1776 minus
1251 1754 1358 1786 quam
1382 1742 1460 1786 ipsa
1482 1742 1600 1777 studia

102 1793 222 1831 ament
242 1791 285 1831 2,
314 1789 358 1832 9,
390 1793 422 1824 1.
461 1789 604 1823 debebit
643 1794 920 1834 praeceptor
954 1805 998 1813 -
1034 1788 1203 1830 iudicium
1240 1789 1598 1833 discipulorum

101 1832 262 1878 experiri
285 1835 394 1878 2‚,5,
421 1837 475 1870 13.
505 1841 620 1868 sumat
642 1841 725 1869 ante
749 1835 870 1870 omnia
893 1834 1052 1879 parentis
1077 1845 1161 1879 erga
1189 1834 1383 1878 discipulos
1406 1845 1491 1868 suos
1519 1834 1598 1868 ani-

102 1889 200 1912 mum
222 1881 268 1921 2,
290 1882 326 1922 2,
348 1881 386 1914 4.
401 1893 434 1914 v.
449 1881 752 1925 Praeceptor.
786 1892 868 1914 cum
893 1901 938 1906 —
962 1881 1090 1924 Zeno,
1124 1879 1341 1924 Cleanthes,
1373 1878 1597 1926 Chrysippus

103 1924 289 1977 mercedes
314 1935 336 1958 a
360 1925 541 1969 discipulis
565 1927 832 1971 acceptaiverint
855 1929 912 1970 12,
936 1929 972 1961 7.
995 1927 1032 1962 9.

56 1980 206 2024 Disco.
284 1990 322 2035 α)
347 1995 562 2035 sfrnpliciter:
605 1993 692 2026 aum
722 1993 972 2036 discimus,
1008 2003 1083 2027 non
1114 1994 1196 2026 dum
1237 1991 1437 2027 dicimus
1470 1992 1513 2033 s,
1537 1992 1596 2026 Pr.

14 2057 21 2062 ·
102 2039 150 2074 29
177 2038 225 2072 Ν.
253 2037 314 2082 qui
340 2037 443 2071 discit
468 2039 522 2078 10,
551 2040 583 2080 1,
610 2040 666 2072 15.
701 2038 763 2081 qni
785 2038 898 2071 discet
919 2040 964 2080 8,
993 2039 1052 2072 Pr.
1087 2041 1144 2071 12.
1170 2043 1286 2079 aetas,
1318 2048 1410 2081 quae
1434 2036 1540 2070 discit
1565 2040 1598 2081 1,

6 2065 34 2129 ἦ,
56 2112 58 2115 .
106 2087 162 2124 12,
186 2083 243 2118 14.
269 2082 331 2128 qui
352 2083 552 2117 didicerunt
576 2085 632 2124 12,
657 2086 692 2124 2,
718 2086 763 2116 12
788 2087 832 2117 Z.
860 2083 891 2116 si
916 2083 994 2127 quis
1020 2083 1184 2116 didicerit
1211 2083 1295 2116 satis
1320 2087 1352 2125 1,
1380 2082 1417 2124 4,
1442 2084 1499 2116 23.
1530 2092 1600 2116 no-

0 2132 27 2171 ¹&
103 2129 159 2164 bis
180 2130 252 2174 jam
277 2140 367 2174 puer
389 2129 528 2162 discere
551 2128 646 2162 serio
670 2127 816 2171 incipiat
843 2131 877 2171 1,
900 2131 937 2171 2,
961 2132 995 2162 1.
1018 2133 1056 2161 ut
1084 2130 1145 2161 diu
1183 2134 1320 2161 tantum
1358 2128 1496 2161 Graece
1532 2129 1600 2162 lo-

6 2168 31 2194 3'
47 2181 62 2192 ²
105 2187 162 2220 qu
173 2181 274 2210 atur
297 2181 359 2209 aut
381 2174 538 2208 discat
562 2174 676 2217 (pueri
702 2176 736 2216 1,
755 2176 789 2216 1,
810 2176 864 2207 13.
888 2184 994 2207 nemo
1022 2184 1095 2207 non
1120 2173 1286 2207 didicisse
1315 2174 1462 2214 mavult,
1491 2184 1596 2217 quam

16 2223 27 2229 ”
107 2221 246 2256 discere
270 2222 304 2263 3,
319 2223 352 2264 1,
375 2221 410 2255 6.
435 2231 547 2264 prae
563 2220 723 2264 cipere
749 2230 791 2253 ac
815 2218 1014 2260 discere,
1042 2220 1223 2264 quomodo
1252 2218 1358 2252 etiam
1381 2220 1596 2262 probatione

42 2297 62 2311 .-
84 2303 89 2309 ,
108 2266 271 2301 difficilia*
282 2272 496 2309 tractentur,
519 2265 762 2300 necessarium
778 2270 832 2299 est
856 2268 913 2307 12,
934 2267 965 2306 1,
982 2264 1040 2299 45.
1075 2265 1105 2298 si
1123 2265 1176 2298 illi
1199 2265 1332 2307 (amici)
1356 2267 1483 2300 saltem
1500 2272 1599 2301 recte

30 2310 81 2353 κέ*
109 2311 325 2353 discant,
349 2317 518 2356 recteque
546 2313 762 2346 doceant.
811 2311 883 2344 Sed
912 2310 989 2354 quis
1014 2310 1126 2344 discet
1148 2316 1221 2344 tam
1250 2311 1363 2353 bene,
1399 2322 1504 2356 quam
1530 2322 1597 2356 pa..

110 2354 256 2392 tronus?
286 2359 349 2399 12,
376 2358 418 2399 8,
444 2357 479 2392 4.
510 2357 606 2392 inter
627 2357 704 2402 ipsa
729 2356 897 2390 subsellia
926 2356 1093 2390 didicisse
1118 2359 1161 2390 ib.
1203 2360 1237 2390 2.
1266 2367 1346 2391 cum
1369 2368 1409 2391 se
1433 2357 1600 2393 didicisse

109 2401 232 2445 iudex⁴
247 2407 346 2444 putat
368 2403 402 2444 5,
424 2404 460 2445 8,
485 2405 519 2438 3.
568 2405 612 2449 β)
637 2417 667 2438 c.
695 2404 771 2444 Obi.
786 2418 797 2436 .-
823 2403 867 2436 ad
893 2403 996 2446 plura
1019 2402 1190 2436 discenda
1213 2405 1270 2444 12,
1288 2405 1342 2445 11,
1367 2405 1424 2437 20.
1451 2403 1602 2437 cuicun-

55 2490 58 2492 Ὗ
113 2457 183 2491 que
206 2445 377 2481 discendo
401 2450 435 2490 1,
459 2449 495 2490 9,
519 2451 551 2483 3.
579 2459 655 2495 non
677 2449 878 2483 didicerunt
902 2449 993 2482 haec
1016 2459 1130 2493 nsque
1150 2448 1189 2482 in
1212 2454 1431 2483 senectutem
1454 2452 1511 2492 12,
1539 2453 1596 2492 11,

111 2493 170 2527 20.
198 2491 336 2526 discere
370 2492 518 2527 meliora
551 2497 595 2529 ib.
629 2498 692 2536 ,12.
728 2493 892 2529 morari
922 2494 961 2528 in
984 2504 1051 2537 eo,
1091 2495 1188 2538 quod
1219 2494 1463 2538 novimus,
1495 2506 1603 2540 quam

84 2572 85 2575 ,
113 2537 326 2581 discere,
359 2549 452 2582 quae
477 2541 638 2574 nondum
662 2541 852 2583 scimus,
884 2539 1011 2574 melius
1035 2546 1197 2584 putamus
1222 2543 1265 2574 ib.
1292 2539 1348 2575 14.
1376 2551 1443 2575 nec
1468 2541 1600 2575 amoris

63 2588 66 2589 ’
112 2590 176 2618 eto.
204 2583 318 2618 discat
341 2584 504 2618 affectum
529 2588 570 2628 1,
594 2589 657 2628 11,
679 2590 715 2621 2.
749 2593 804 2621 tot
827 2586 959 2620 artibus
992 2585 1170 2620 discendis
1199 2589 1256 2629 12,
1282 2589 1338 2630 11,
1362 2587 1397 2622 9.
1425 2586 1469 2628 cs.
1504 2589 1538 2630 3,
1566 2590 1600 2628 1,

31 2652 50 2661 ψ
114 2631 172 2664 10.
209 2627 247 2663 in
270 2629 528 2674 suscipiendis,
567 2631 770 2676 discendis,
806 2632 953 2679 agendis
988 2631 1103 2666 causis
1134 2633 1191 2667 Pr.
1227 2635 1284 2666 22.
1308 2645 1342 2666 v.
1365 2631 1520 2667 Causa.
1557 2633 1602 2666 ad

114 2674 319 2709 discendum
342 2676 399 2720 jus
428 2679 497 2719 12,
521 2679 564 2720 3,
587 2678 622 2714 9.
650 2678 694 2720 cf.
722 2682 786 2722 12,
816 2682 856 2722 1,
883 2680 939 2712 10.
965 2679 1046 2712 loca
1074 2677 1214 2712 discunt
1243 2677 1344 2721 (Sp.
1372 2679 1490 2721 conjic.
1521 2678 1601 2711 dili-

114 2719 219 2802 gunt)
242 2730 347 2766 quam
367 2722 523 2757 maxime
546 2723 700 2767 spatiosa
723 2727 765 2759 11
779 2750 789 2767 ,
813 2727 847 2758 2.
878 2725 922 2758 18
945 2725 993 2757 Ν.
1033 2723 1078 2765 d.
1102 2726 1161 2759 23.
1195 2725 1409 2768 palaestram
1435 2723 1604 2758 didicisse

139 2792 151 2810 ,
174 2768 231 2810 10,
257 2769 335 2802 121.
363 2778 508 2803 sensum
530 2767 667 2813 ipsum,
691 2770 754 2815 qui
776 2769 972 2804 communis
997 2769 1145 2813 dicitur,
1176 2769 1238 2804 nbi
1264 2769 1378 2804 discet
1405 2772 1448 2812 1,
1470 2773 1517 2813 2,
1542 2772 1602 2804 20.

34 2847 67 2858 ,.
115 2818 382 2849 contemnentes
409 2819 577 2860 tanquam
602 2827 737 2861 parva,
772 2827 864 2861 quae
889 2815 988 2861 prius
1014 2812 1200 2860 discimus,
1235 2815 1354 2851 studia
1382 2816 1441 2850 Pr.
1476 2814 1511 2849 4.
1540 2815 1600 2849 di-

1143 2881 1230 2920 16*
