1728 3002
630 208 778 251 Recito
809 234 863 241 —
893 208 1024 252 Recte
1505 211 1587 251 765

102 327 141 358 et
159 341 208 351 -
232 322 469 368 asperioribus
490 323 564 359 illia
589 324 706 359 urinas
727 322 1035 371 repugnabit.
1084 322 1185 370 Quae
1207 332 1289 358 cum
1310 318 1586 374 receperit,

104 369 211 404 etiam
233 371 474 406 veoecundiae
497 371 701 407 defensioni
724 370 868 406 facilior
890 371 957 408 erit
981 368 1026 413 4,
1051 370 1088 410 5,
1112 372 1171 404 21.
1195 368 1428 404 resiliendum
1453 368 1498 402 ab
1526 378 1587 410 ns,

102 427 194 460 quae
222 427 298 451 non
327 417 550 462 recipiuntur
582 417 600 462 (
608 420 641 451 in
667 415 830 459 dicendo)
859 419 924 460 12,
949 418 1015 459 10,
1043 416 1101 451 56.
1131 417 1231 460 quod
1260 426 1372 450 unum
1397 413 1589 458 aliquando

101 461 215 507 recipi
237 468 375 507 potest,
399 475 480 498 cum
501 464 595 498 mala
621 474 726 501 cansa
751 462 918 497 adhibitis
940 460 1165 498 extrinsecus
1186 460 1354 497 remediis
1378 461 1511 495 tuenda
1533 464 1590 494 est

101 509 138 550 5,
166 510 221 551 13,
248 510 306 544 35.
330 511 489 544 nondum
512 510 607 544 enim
631 509 766 553 recepti
788 521 929 552 sumus,
962 514 999 543 et
1021 507 1177 543 custodit
1200 517 1269 542 nos
1289 518 1418 542 recens
1442 505 1590 540 andien—

27 583 30 586 .
101 554 189 589 tium
213 554 364 590 intentio
387 555 423 599 4,
451 559 484 600 t,
508 556 565 592 59.
593 566 636 590 ea
657 566 748 600 quae
770 556 882 603 vulgo
905 560 1051 599 recepta
1072 560 1155 588 suut
1178 554 1220 597 5,
1246 555 1304 596 11,
1325 553 1385 588 41.
1417 551 1465 595 ό.
1491 554 1527 594 9,
1551 553 1589 595 3,

104 602 159 635 13.
184 599 253 643 jam
276 606 473 646 recepta
499 606 574 638 est
598 601 693 636 actio
726 602 833 646 paulo
857 600 1024 648 agitatior
1049 606 1086 636 et
1109 599 1185 635 exi
1225 598 1319 634 itur
1344 601 1411 645 11,,
1437 601 1482 640 3,
1506 596 1590 633 184.

100 652 301 691 recepta
323 652 398 682 est
422 659 443 682 a
462 646 680 683 ,doctissimis
704 648 795 682 haec
819 647 1039 690 differentia,
1066 651 1102 681 et
1126 658 1194 692 apu
1244 645 1416 690 plurimos
1439 655 1482 678 ac
1504 655 1590 689 pru·

100 692 327 727 dentissimos
354 694 491 737 durat
513 697 547 736 7,
575 695 630 736 10,
653 693 688 731 4.
715 693 760 735 cs,
785 695 820 735 3,
845 694 880 737 6,
907 694 964 729 54.
985 692 1142 728 remedia
1165 691 1317 736 recipi
1342 692 1405 727 vel
1426 689 1590 734 respui

100 740 142 781 6,
163 738 206 780 4,
232 739 288 774 19.
313 738 345 773 si
369 745 572 784 recepta
595 746 678 774 sunt
702 737 852 784 (verba),
876 741 1055 774 modicam
1078 739 1220 773 laudem
1243 739 1397 772 afferunt
1419 735 1589 779 orationi,

99 783 353 828 repudiata
375 785 482 819 etiam
503 785 543 819 ia
565 786 666 829 jocos
688 791 823 820 exeunt
841 789 875 828 1,
891 787 926 828 5,
945 789 1004 821 71.
1028 784 1076 827 cs.
1099 786 1144 827 8;
1171 785 1217 820 in
1239 785 1311 818 hoc
1328 794 1462 831 genere
1482 793 1590 827 pror-

99 841 160 865 sus
189 829 325 874 recipio
354 831 448 867 hanc
474 832 624 866 brevem
655 832 923 867 annotationem
950 834 1015 873 10,
1041 835 1083 874 7,
1106 833 1164 866 31.
1200 830 1315 865 nostri
1343 829 1589 875 injungendo

99 881 160 910 aut
185 875 224 908 iu
253 876 451 910 derivando
475 879 619 921 paulum
648 878 781 921 aliquid
804 878 933 920 ausi,
966 877 1036 913 vix
1057 877 1102 911 in
1130 878 1202 911 hoc
1224 876 1309 911 satis
1332 876 1589 920 recipiun-

99 927 171 955 tur
193 922 240 963 8,
262 922 306 964 3,
328 923 394 962 31,
419 922 524 956 caedi
546 923 744 964 discentes,
770 934 973 967 quanquam
995 929 1032 957 et
1054 930 1293 967 receptum
1317 922 1382 964 sit,
1406 929 1443 956 et
1467 921 1588 965 Chry-

98 967 221 1014 sippus
242 977 316 1000 non
338 966 556 1011 improbet
585 972 625 1009 1,
650 970 696 1010 3,
722 967 777 1002 14.
806 968 851 1009 eff.
876 970 912 1011 6,
937 971 973 1011 3,
999 971 1086 1010 103;
1120 969 1210 1002 fiunt
1236 974 1272 1001 et
1300 969 1436 1011 adjecta
1463 973 1501 1001 et
1523 968 1590 1000 de-

98 1018 210 1047 tracta
235 1013 452 1056 aspiratione
479 1021 540 1048 etc.
563 1014 703 1057 saepius
727 1013 791 1047 fri
832 1014 921 1056 ida,
949 1015 1139 1058 aliquando
1163 1019 1283 1048 tamen
1308 1012 1590 1057 recipienda

97 1061 142 1102 6,
166 1061 212 1102 3,
238 1059 297 1094 55.
322 1058 368 1100 cs.
397 1062 461 1101 11,
487 1061 530 1099 3,
554 1060 612 1094 59.
639 1062 718 1094 120.
771 1062 796 1103 β
847 1063 973 1094 Par-tic.
1001 1064 1137 1094 Prae1.:
1172 1061 1261 1094 haec
1286 1061 1432 1106 vulgo
1457 1059 1590 1094 dicta

98 1111 136 1140 et
157 1109 355 1149 recepta
375 1104 610 1149 persuasione
632 1105 797 1150 populari
821 1106 865 1147 5,
890 1109 953 1148 11,
979 1107 1037 1140 37.
1073 1105 1176 1150 sequi
1201 1105 1359 1140 maxime
1380 1109 1526 1151 recepta
1551 1105 1590 1148 9,

98 1155 144 1194 1,
169 1151 204 1186 9.
238 1156 489 1195 receptum
521 1151 634 1197 magis
661 1156 748 1196 puto
782 1163 887 1196 quam
915 1151 1049 1185 oratori
1078 1153 1307 1186 decorum
1334 1154 1398 1194 11,
1425 1153 1469 1194 3,
1496 1150 1586 1194 1043

63 1196 71 1205 '
96 1201 328 1240 receptae
361 1196 581 1231 auctoritatis
613 1208 655 1230 ac
686 1202 831 1231 notae
853 1197 1095 1231 verecundiae
1118 1199 1161 1237 6,
1188 1199 1232 1240 3,
1263 1199 1321 1232 33.
1359 1202 1587 1241 receptas

97 1248 159 1278 aut
181 1247 279 1277 certe
301 1241 406 1276 claris
433 1242 636 1276 auctoribus
659 1248 927 1278 memoratas
950 1242 1150 1286 (historias)
1175 1247 1209 1285 1,
1233 1245 1268 1285 8,
1294 1243 1352 1286 Α
1375 1244 1502 1288 quaed.
1526 1253 1589 1276 re-

97 1294 200 1333 cepta
220 1287 416 1322 immutatio
439 1291 481 1330 1,
503 1290 547 1330 5,
574 1291 629 1322 13.
652 1289 795 1332 publice
816 1294 962 1332 recepta
988 1289 1174 1333 persuasio
1197 1291 1232 1329 3,
1257 1292 1292 1332 7,
1317 1291 1374 1324 23.
1398 1301 1475 1323 rec.
1497 1288 1587 1323 reli-

94 1333 195 1382 gioni
218 1335 284 1375 12,
312 1335 378 1375 10,
401 1335 442 1374 9;
474 1334 535 1368 illa
561 1335 643 1368 adv.
668 1345 792 1368 omnes
824 1340 859 1368 et
882 1342 1028 1379 recepta
1051 1341 1088 1369 et
1112 1346 1187 1369 non
1208 1335 1402 1369 inhumana
1425 1346 1588 1380 conque-

79 1380 165 1415 -stio
191 1381 227 1422 ⁵,
253 1381 310 1420 13,
333 1378 389 1413 41.
410 1380 543 1426 figurae
567 1381 775 1415 anctoritate
795 1387 960 1415 veterum
983 1387 1150 1426 receptae
1172 1381 1208 1424 4,
1234 1384 1270 1424 2,
1296 1383 1375 1417 118.
1402 1392 1451 1416 ex
1473 1381 1588 1415 tribus

59 1446 63 1449 ·
93 1425 249 1471 receptis
273 1425 474 1459 Aristarchi
502 1426 634 1469 judicio
666 1427 899 1471 scriptoribus
925 1430 991 1470 10,
1016 1431 1060 1470 1,
1087 1429 1143 1462 59.
1174 1439 1195 1462 a
1221 1428 1419 1475 peregrinis
1451 1426 1589 1462 scholis

59 1479 208 1520 -prope
228 1476 374 1515 recepta
399 1471 565 1516 (manus)
589 1475 656 1514 11,
681 1475 726 1515 3,
753 1475 832 1508 103.
861 1484 936 1507 rec.
969 1473 1016 1507 in
1046 1484 1183 1507 usum
1214 1484 1348 1508 nomen
1370 1476 1416 1517 5,
1439 1477 1505 1516 11,
1530 1475 1589 1506 20.

22 1555 28 1560 ,
60 1543 63 1546 -
93 1517 401 1553 necessarios
423 1518 579 1552 maxime
602 1524 673 1562 atq.
698 1518 748 1553 in
767 1530 893 1553 usum
915 1529 1010 1555 rec.
1035 1519 1180 1564 (tropos)
1202 1521 1247 1563 8,
1267 1520 1312 1564 6,
1335 1523 1372 1554 2.
1410 1531 1459 1554 ex
1481 1519 1602 1555 voci--

93 1565 164 1598 bus
187 1563 233 1596 in
254 1573 380 1596 usum
399 1574 474 1597 rec.
498 1564 534 1605 8,
557 1564 595 1607 6,
621 1566 680 1598 32.

0 1664 4 1665 V
48 1608 214 1653 Recito.
259 1617 481 1653 recitatis
515 1619 555 1652 iu
588 1619 730 1653 actione
760 1623 821 1653 aut
845 1619 1100 1654 nominatis
1123 1618 1310 1665 (testibus)
1333 1621 1376 1664 5,
1402 1623 1446 1664 7,
1469 1621 1517 1656 25
1539 1621 1588 1656 Ν.

145 1662 194 1701 ae'
208 1663 412 1699 testimonia
424 1663 623 1699 -tabulaeve
648 1665 687 1698 iu
712 1666 852 1699 actione
874 1677 894 1698 r
905 1666 977 1699 eci
988 1666 1096 1699 tand
1108 1678 1178 1708 ae,
1220 1678 1383 1710 quaere
1394 1678 1503 1701 serv
1515 1677 1588 1700 au-

95 1715 119 1747 d
130 1723 177 1747 ae
198 1712 224 1743 7
234 1736 246 1753 ,
269 1713 316 1744 10
325 1735 338 1753 ,
362 1710 407 1744 13
429 1711 478 1744 Ν.
516 1710 547 1744 si
577 1710 802 1758 magistratus
826 1711 1050 1757 rogationem
1073 1723 1174 1745 suam
1200 1715 1335 1756 populo
1358 1713 1438 1757 ipse
1457 1713 1588 1748 recita-

93 1758 190 1795 verit
213 1759 276 1799 10,
301 1756 323 1790 5
333 1780 344 1798 ,
368 1758 425 1791 13.
449 1762 574 1790 contra
595 1757 811 1790 recitabatur
831 1762 1082 1791 testamentum
1103 1758 1140 1800 9,
1163 1761 1198 1799 2,
1222 1759 1281 1795 35.

46 1812 300 1907 Rtiglafflo-ss'
314 1832 406 1868 quae
430 1823 520 1858 mihi
541 1823 641 1869 quasi
665 1823 928 1870 conspiratione
952 1825 1059 1869 quad.
1082 1825 1183 1872 vulgi
1206 1823 1396 1861 reclamari
1418 1824 1588 1860 videntur

146 1897 158 1914 ‚
217 1897 230 1914 ,
301 1896 312 1907 .

0 1928 5 1932 '
46 1927 242 1972 Reolino.
286 1934 453 1972 reclinari
476 1937 521 1971 aa
543 1947 628 1972 suos
653 1937 706 1983 (ῐη
729 1937 886 1983 ascendo)
911 1941 969 1984 11,
990 1941 1026 1983 3,
1051 1941 1134 1975 132.

20 2043 25 2046 ,
47 1993 311 2045 Reconcilio·
353 2015 420 2050 per
442 2005 513 2040 hoc
533 2004 650 2051 ipsum
675 2007 902 2043 reconciliari
928 2008 963 2051 5,
994 2011 1031 2052 7,
1061 2009 1120 2042 13.

46 2064 265 2109 Recondo·
309 2072 516 2107 reconditus
539 2076 574 2117 1,
598 2074 631 2114 5,
653 2074 719 2117 653
753 2086 794 2111 se
814 2074 854 2109 in
876 2070 1009 2117 locum,
1034 2087 1085 2110 ex
1108 2084 1180 2120 quo
1204 2072 1294 2108 nihil
1316 2072 1473 2117 prospici
1497 2083 1587 2118 pos-

61 2125 66 2132 ’
93 2128 169 2164 set,
190 2119 407 2154 recondebat
433 2121 483 2160 (a.
500 2123 524 2152 1.
548 2121 795 2164 recumbebat,
823 2125 869 2155 al.
896 2120 1104 2165 recipiebat)
1130 2123 1193 2164 10,
1219 2122 1254 2163 3,
1277 2120 1336 2154 25.
1370 2129 1460 2163 opes
1482 2120 1583 2154 velut

93 2166 272 2203 sanctiore
295 2165 403 2210 quod.
427 2164 564 2199 aerario
589 2167 795 2201 reconditae
818 2167 869 2214 (a.
890 2171 913 2201 1,
930 2167 1119 2210 conditae)
1141 2169 1186 2204 ib.
1211 2168 1246 2200 3.

47 2211 266 2268 Becoquo·
315 2231 354 2255 se
377 2221 572 2264 (Apollonio
583 2221 733 2267 Moloni)
755 2234 921 2258 rursus
943 2223 1236 2259 formandum
1256 2233 1299 2257 ac
1321 2223 1424 2258 velut
1449 2232 1583 2257 reco-

94 2269 324 2314 quendum
348 2267 444 2301 dedit
469 2270 525 2309 12,
546 2268 581 2311 6,
604 2270 640 2303 7.
985 2279 989 2290 ν’

44 2312 314 2357 Recordafio·
360 2323 438 2358 sive
461 2324 716 2369 concoquitur,
741 2336 807 2359 seu
824 2329 1029 2372 maturatur,
1053 2336 1144 2370 quae
1167 2323 1367 2359 firmissima
1394 2325 1471 2369 ejus
1494 2324 1584 2369 (me-

91 2372 233 2411 moriae)
259 2381 340 2414 pars
363 2376 437 2411 est,
462 2380 538 2411 rec.
564 2373 631 2415 11,
652 2374 698 2414 2,
718 2370 779 2406 43.
800 2384 834 2406 v.
856 2371 1105 2406 Memoria.
1127 2382 1200 2405 una
1222 2381 1286 2416 spe
1309 2381 1501 2415 suspensos
1524 2382 1583 2405 re-

90 2415 306 2452 cordationis
333 2418 398 2458 10,
417 2416 465 2458 6,
492 2416 529 2451 6.
1102 2418 1104 2420 ’
1381 2422 1385 2425 ’
1451 2421 1454 2424 ’

0 2489 5 2495 -
46 2459 278 2504 Recordor.
317 2473 566 2507 hesternorum
599 2471 900 2508 immemores
934 2479 1013 2508 acta
1046 2471 1222 2518 pueritiae
1242 2472 1496 2508 recordari
1521 2476 1580 2518 11,

91 2523 128 2563 2,
152 2521 186 2554 6.
215 2529 288 2563 quo
310 2519 394 2552 dato
417 2524 591 2561 errasset,
615 2520 823 2553 recordatus
849 2521 895 2553 ib.
922 2521 981 2555 38.

19 2600 22 2605 v
46 2571 225 2631 Becreo·
270 2584 464 2620 mutatione
493 2585 818 2630 recreabitur,
856 2585 947 2621 sicut
977 2585 1016 2620 in
1047 2585 1155 2630 cibis,
1189 2595 1343 2631 quorum
1371 2586 1579 2622 diversitate

93 2631 318 2668 reficitur
339 2632 558 2683 stomachus,
586 2638 622 2667 et
647 2633 807 2677 pluribus
830 2633 970 2667 minore
992 2633 1137 2668 fastidio
1163 2633 1311 2667 alitur
1335 2634 1369 2678 1,
1394 2637 1450 2676 12,
1474 2635 1508 2668 5.

47 2685 190 2731 Recte·
217 2698 256 2744 a)
285 2700 484 2743 affirmans.-
504 2705 610 2734 recte
634 2701 669 2743 5,
696 2702 753 2744 10,
776 2701 821 2736 82
839 2702 889 2735 Ν.
912 2702 1071 2736 Rectene
1094 2699 1241 2737 omnia?
1264 2690 1389 2737 Recte.
1411 2701 1447 2744 6,
1465 2703 1502 2744 3,
1521 2699 1580 2737 84.

92 2743 138 2789 β)
161 2749 364 2789 appositum.-
389 2758 419 2781 r.
442 2747 625 2781 absolutus
648 2748 692 2787 3,
715 2749 761 2791 5,
785 2750 843 2781 11.
866 2748 938 2782 hoc
961 2747 1106 2783 nomine
1127 2759 1159 2783 r.
1176 2747 1307 2782 abusus
1330 2744 1372 2791 5,
1398 2750 1462 2790 10,
1485 2748 1520 2782 6.
1543 2757 1576 2781 r.

25 2823 39 2830 ,
95 2791 299 2834 adjecerunt
322 2796 378 2836 11,
401 2795 443 2836 3,
468 2793 547 2828 106.
582 2791 627 2834 cs.
650 2789 688 2837 4,
714 2795 748 2837 1,
772 2791 830 2829 40.
860 2804 893 2828 r.
915 2795 1026 2829 modo
1054 2793 1165 2833 ascita
1186 2793 1395 2838 (translatio)
1415 2795 1453 2837 8,
1479 2793 1516 2837 6,
1540 2794 1577 2828 5.
