1728 3002
101 163 183 203 806
633 160 834 202 Sciscitor
863 184 919 192 -
954 159 1106 204 Scribo

147 277 232 311 bere
262 278 300 321 1,
327 274 371 320 4,
401 278 455 310 11.
479 274 550 318 jam
575 274 683 309 hinc
710 273 820 319 sciat,
847 280 967 309 cetera
988 285 1138 320 quoque
1160 284 1243 310 esse
1266 274 1338 310 sibi
1359 272 1582 320 supervacua
1607 279 1642 318 2,

147 326 192 366 2,
219 322 276 358 15.
306 321 350 364 cf.
379 324 443 364 10,
469 324 511 365 1,
542 323 621 355 112.
647 324 716 364 12,
742 322 782 364 5,
811 322 844 356 3.
868 322 1020 356 sciamus
1042 321 1133 356 nihil
1157 327 1321 356 ornatum
1347 323 1575 369 essesquod
1597 323 1644 356 sit

148 369 382 414 improprium
405 369 449 411 8,
474 369 519 411 3,
543 367 586 402 15
607 371 650 402 Ζ.
674 369 764 402 haec
791 368 1040 403 adolescentes
1065 368 1134 402 sibi
1158 368 1288 414 scripta
1311 368 1426 403 sciant
1448 370 1497 411 3,·
1515 367 1560 412 8ῗ,
1581 371 1642 404 70.

151 415 196 457 cs.
224 418 267 458 1,
295 418 334 458 1,
361 415 396 450 8.
426 416 489 456 10,
513 416 558 456 2,
587 414 631 456 6;
657 416 723 458 10,
751 417 791 457 1,
815 416 873 448 31.
899 415 956 450 36.
988 417 1107 458 11‚v·1,
1137 415 1191 450 15.
1219 417 1337 458 12,-¹7,
1362 417 1419 448 12.
1445 414 1560 458 12¹9,
1584 414 1643 462 15.
1668 449 1675 455 ,

152 462 182 496 si
213 462 323 505 judex
347 460 484 494 narrari
508 462 666 494 nondum
691 460 780 495 sciet
803 459 843 503 4,
875 463 910 504 1,
934 462 1001 496 78.
1017 471 1092 495 11011
1116 458 1268 505 primum
1291 460 1331 495 in
1354 471 1397 495 ea
1421 459 1544 495 scierit
1565 459 1646 502 ense

154 508 386 550 tractandum,
408 506 540 542 Verbis
563 508 682 554 legum
708 507 871 541 standum
894 507 952 548 sit,
979 518 1023 541 an
1046 507 1258 544 voluntate?
1281 510 1316 550 7,
1342 509 1398 550 10,
1418 507 1452 542 6.
1491 503 1648 554 Quod'si

155 553 603 588 animadverterent
627 554 807 588 literarum
833 553 1062 598 affinitatem,
1099 554 1285 588 scirent
1312 553 1365 588 sic
1388 554 1432 587 ab
1461 553 1649 598 eo,¹qnod

153 605 208 635 est
231 601 359 642 robur,
381 599 520 634 roboris
535 599 634 642 fieri,
662 600 841 645 quomodo
867 608 929 634 eie.
956 603 989 643 1,
1012 601 1047 644 6,
1074 599 1128 634 24.
1152 600 1211 636 vis
1234 599 1340 643 scire,
1365 604 1546 642 venenum
1570 609 1650 642 esse

154 646 385 680 amatorium?
429 648 472 689 S,
496 646 544 687 5,
575 648 631 680 31.
666 652 774 692 neget
810 647 848 681 s'e
884 646 1037 681 liberum
1071 658 1150 681 esse
1174 657 1265 681 ‘eum
1299 645 1410 680 scisse
1435 648 1481 688 7,
1510 645 1553 688 43
1584 644 1650 688 143

155 696 276 726 Passa
314 692 551 736 sciturque
588 702 662 726 non
696 693 791 726 idem
824 703 902 727 esse
938 693 1197 736 occidere-se,
1221 693 1327 738 tquod
1353 692 1465 725 aliurn¹
1484 695 1508 726 7
1545 693 1586 735 3,
1613 693 1647 726 7.

155 739 426 782 sciebatur,
450 739 678 772 interfectum
703 750 783 773 eum
807 739 847 782 6,
877 741 916 782 1,
943 741 985 773 31
1007 740 1054 774 N.
1103 740 1134 779 ε)
1159 751 1187 774 c.
1212 737 1298 781 [rufi.-
1332 749 1379 772 ne
1402 754 1446 762 -
1467 717 1561 771 nihil
1585 747 1651 781 per

156 795 195 819 se
229 785 352 819 conari
387 791 424 819 et
455 796 627 830 quaerere
656 785 772 819 sciant
793 788 837 829 2,
866 786 967 827 6‚1‡6.
1002 787 1194 830 antequam
1219 785 1417 820 declamare
1441 782 1647 828 (Sp.·1'nser.
1691 808 1699 814 1

156 830 251 875 jam)
288 831 377 866 sciat
409 835 451 873 2,
493 834 509 864 l
523 858 532 874 ,
566 834 586 865 3
607 835 648 865 Ζ.
688 831 834 866 nomina
869 832 1049 866 declinare
1086 838 1122 866 et
1164 832 1276 867 verba
1302 830 1343 864 in
1383 829 1508 875 primis
1545 828 1651 874 pueri

156 877 270 911 sciant
295 881 327 920 1,
351 877 387 920 4,
410 880 467 912 23.
493 878 585 911 bene
610 878 727 912 dicere
756 878 823 912 scit
852 884 974 912 orator
997 882 1032 922 2,
1059 881 1115 922 17,
1142 880 1198 913 37.
1223 877 1254 912 si
1277 878 1409 911 docere
1434 875 1593 911 sciant
1612 879 1651 910 et

156 924 310 958 velint
335 926 397 967 10,
425 925 465 967 5,
491 925 546 959 19.
573 924 662 958 sciat
684 924 795 959 ferire
822 935 863 958 ac
892 925 984 959 tueri
1009 928 1043 967 5,
1070 927 1128 967 12,
1153 927 1209 959 22.
1236 929 1273 959 et
1294 921 1435 969 ingredi
1459 921 1652 957 citiuseic.

157 970 246 1004 citra
275 971 465 1004 docentem
494 975 619 1004 natura
642 971 719 1015 ipsa
743 970 860 1004 sciunt
882 974 918 1014 2,
945 972 999 1014 16,
1027 972 1080 1005 13.
1110 970 1170 1015 qni
1192 981 1251 1005 res
1274 968 1440 1005 invenire
1465 974 1504 1003 et
1531 967 1654 1013 dispo-

157 1027 243 1050 nere
267 1016 356 1051 sciet
382 1020 445 1059 10,
477 1020 518 1059 1,
543 1015 577 1050 4.
604 1016 648 1059 cs.
677 1021 727 1064 2,2
747 1020 802 1061 12,
834 1020 885 1052 10.
913 1018 948 1061 9,
973 1017 1008 1060 4,
1031 1017 1065 1051 4.
1091 1017 1210 1056 redire
1235 1017 1281 1050 ad
1302 1015 1523 1061 propositum
1551 1025 1656 1048 auum

159 1062 279 1097 scierit
301 1064 335 1105 9,
361 1067 395 1106 2,
420 1062 456 1098 4.
479 1063 533 1097 uti
556 1062 607 1097 eis
633 1064 725 1098 scire
751 1066 786 1107 7,
812 1066 868 1106 10,
896 1065 949 1099 15.
995 1063 1031 1106 ζ)
1056 1066 1206 1096 Partim.-
1231 1073 1349 1108 neque
1369 1063 1514 1106 jubente
1538 1070 1666 1106 neque„

158 1108 297 1143 sciente·
317 1110 456 1143 Milone
479 1112 501 1143 7
516 1135 525 1152 ,
551 1112 593 1152 1,
621 1111 683 1153 363*
718 1120 793 1143 non
816 1111 931 1144 solum
955 1109 1229 1144 scientibus
1254 1109 1342 1152 ista,
1371 1109 1435 1143 sed
1459 1107 1567 1142 etiam
1593 1105 1656 1140 di-

160 1155 406 1189 scentibus
429 1156 599 1189 tradimus
626 1159 688 1199 11,
714 1158 748 1199 1,
773 1157 806 1191 5.
837 1156 899 1201 qui
922 1156 1009 1191 fecit
1033 1155 1116 1200 quid
1141 1155 1257 1190 sciens
1279 1158 1326 1198 7,
1353 1156 1398 1198 3,
1425 1156 1559 1189 3210410.
1581 1162 1658 1189 non

91 1218 93 1220 ·
158 1202 269 1234 laedit
289 1202 323 1244 5,
353 1204 409 1244 10,
434 1201 490 1236 74.
518 1202 589 1235 nisi
607 1203 696 1236 haec
716 1202 859 1246 ¹minora
886 1213 934 1237 sc.
953 1202 1132 1237 omisisset
1150 1204 1184 1240 3.
1206 1204 1239 1244 1,
1256 1203 1314 1236 20.
1342 1211 1394 1247 sc.
1415 1199 1657 1234 transcurram

159 1247 305 1281 subtiles
329 1247 477 1280 nimium
507 1247 703 1282 divisiones
728 1249 904 1292 quorund.
929 1247 965 1293 4,
990 1251 1026 1291 2,
1051 1251 1085 1282 2.
1120 1247 1252 1291 injusta
1277 1246 1449 1280 tueri-sc.
1474 1247 1530 1287 12,
1554 1247 1590 1288 7,
1605 1247 1656 1287 ·7;

158 1293 230 1335 jam
253 1292 439 1335 scientem,
465 1293 550 1337 quid
575 1304 692 1339 pugna
715 1294 760 1326 sit
786 1297 841 1337 12,
868 1295 903 1336 6,
928 1295 962 1328 6.
990 1294 1161 1335 omnium,
1186 1304 1277 1338 quae
1299 1302 1418 1339 pugna
1436 1290 1572 1336 poscit,
1598 1302 1657 1324 ar-

159 1338 228 1372 tif
236 1338 372 1380 icem,
398 1340 462 1372 sed
486 1350 604 1382 neque
632 1340 791 1373 delectus
817 1350 946 1387 agere,
972 1350 1042 1374 1160
1066 1339 1187 1382 copias
1208 1339 1425 1373 ‘contrahere
1448 1345 1513 1371 etc.
1541 1336 1658 1372 scien-

160 1389 234 1418 tem
260 1387 323 1428 12,
351 1386 394 1428 3,
423 1387 457 1419 5.
482 1397 516 1418 v.
536 1384 704 1419 Scitus.
1030 1398 1032 1402 ’
1695 1390 1706 1395 ““

118 1436 356 1532 SqiSGitorod
369 1452 547 1534 3301216673
579 1463 654 1487 11011
683 1463 701 1487 s
713 1464 733 1487 0
743 1452 782 1487 is
792 1452 859 1487 cit
868 1464 888 1487 a
899 1464 924 1486 n
934 1452 980 1487 di
1011 1451 1125 1499 gratia
1154 1451 1345 1487 assumitur
1369 1451 1539 1497 (rogare)
1550 1477 1562 1496 ,
1597 1452 1670 1488 sed'

160 1509 174 1532 1
183 1510 207 1532 11
220 1510 237 1532 s
246 1504 261 1532 t
271 1510 291 1532 a
302 1510 327 1532 n
366 1509 380 1532 1
425 1525 436 1542 ,
485 1525 495 1542 ,
545 1524 555 1534 .
1074 1519 1079 1525 ι
1376 1518 1380 1520 v

118 1554 272 1596 scitus·
332 1567 536 1613 Junguntur
566 1566 711 1611 interim
749 1567 949 1608 schemata,
987 1556 1178 1600 Sthenelus
1212 1565 1372 1600 sciens
1391 1564 1566 1615 pugnae:
1608 1571 1662 1600 est

162 1612 277 1655 enim,
303 1613 463 1647 scitus
488 1613 542 1656 (a.
564 1617 586 1646 l.
613 1613 731 1656 scius)
765 1613 957 1646 Sthenelus
989 1611 1170 1659 pugnandi
1195 1613 1241 1655 9,
1265 1613 1308 1656 3,
1336 1613 1382 1647 10
1396 1612 1444 1655 Ν.
1464 1614 1547 1656 cr.3'
1570 1612 1661 1646 adeo

162 1658 273 1694 scitae
295 1659 596 1706 interrogationes
623 1662 656 1703 5,
686 1663 722 1703 7,
744 1660 802 1694 28.
1569 1669 1572 1673 ’

118 1713 270 1771 Scopa.
315 1740 349 1762 v.
375 1727 526 1763 Scala.

119 1780 285 1825 Scribo.
332 1796 491 1839 suerunt,
518 1794 579 1840 qui
602 1793 707 1829 nobis
732 1805 877 1840 quoque
901 1795 1099 1840 adjicerent
1125 1795 1287 1829 dualem:
1313 1787 1547 1839 scripsere
1570 1795 1606 1838 1,
1627 1793 1661 1837 5,
1703 1825 1710 1832 ,

161 1839 218 1875 42.
267 1841 302 1886 Ι)
329 1845 530 1877 Verbum.
558 1840 594 1883 α)
623 1843 835 1885 simpliciter.-
862 1852 943 1875 cum
970 1841 1015 1875 sit
1039 1842 1076 1875 in
1099 1841 1223 1875 studiis
1243 1842 1491 1886 praecipuum,
1516 1841 1661 1886 quoque

162 1889 241 1922 solo
265 1899 375 1924 verus
400 1888 460 1922 ille
483 1889 667 1932 profectus
693 1893 727 1921 et
752 1888 831 1921 altis
854 1887 1032 1921 radicibus
1057 1887 1164 1922 nixus
1187 1886 1342 1931 paretur,
1370 1887 1528 1921 scribere
1542 1885 1661 1930 ipsum

165 1935 197 1977 1,
222 1937 255 1976 1,
282 1936 338 1970 28.
374 1935 531 1968 scribere
559 1935 599 1966 ad
630 1940 835 1977 praesentes
857 1945 943 1968 usus
971 1936 1023 1975 10,
1047 1932 1083 1977 4,
1107 1935 1140 1968 3.
1163 1933 1320 1967 scribere
1344 1944 1414 1966 nec
1438 1931 1570 1976 ubique
1592 1942 1662 1966 nec

163 1990 305 2024 semper
330 1991 520 2025 possumus
549 1983 604 2022 10,
633 1982 666 2022 6,
693 1983 724 2014 1.
749 1979 792 2021 cf.
816 1983 870 2023 11,
898 1983 932 2023 2,
957 1978 1014 2015 45.
1043 1985 1083 2013 ut
1103 1981 1212 2027 paulo
1235 1979 1352 2013 minus
1377 1977 1526 2023 promtis
1553 1977 1662 2013 etiam

161 2033 289 2060 noceat
313 2026 498 2070 scripsisse
525 2028 585 2066 12,
609 2027 650 2068 9,
678 2027 732 2059 16.
756 2031 796 2059 ut
819 2027 995 2069 juvenes,
1019 2037 1100 2060 cum
1125 2024 1308 2068 scribunt,
1336 2028 1475 2072 gestum
1497 2035 1662 2068 praemo-

164 2073 273 2106 dulati
298 2073 513 2120 cogitatione
537 2072 589 2106 sic
614 2078 842 2115 componant,
867 2073 1047 2117 quomodo
1068 2083 1194 2106 casura
1217 2083 1343 2110 manus
1368 2077 1422 2106 est
1450 2073 1505 2114 11,
1525 2072 1560 2114 3,
1581 2071 1663 2105 109.

163 2120 222 2151 An
247 2120 513 2153 Demosthenes
536 2119 629 2152 male
657 2118 708 2151 sic
739 2119 938 2166 egisset,
961 2124 1002 2152 ut
1026 2117 1250 2163 scripsit,
1280 2124 1340 2152 aut
1367 2117 1477 2152 cios?
1509 2118 1572 2159 12,
1601 2118 1672 2158 10,

164 2163 229 2206 543
256 2167 298 2198 de
322 2169 416 2207 lege.-
441 2166 522 2198 Non
547 2164 642 2198 enim
671 2164 748 2198 dixi
778 2165 940 2209 quidem,
969 2165 1033 2199 sed
1056 2164 1355 2209 nonrscripsi:
1388 2174 1460 2198 1160
1473 2160 1666 2207 scripsi

164 2210 328 2254 quidem,
356 2212 419 2245 sed
445 2222 519 2244 non
544 2211 616 2244 obii
642 2211 858 2256 legationem
882 2219 944 2245 etc.
968 2211 1005 2253 9,
1030 2212 1065 2253 3,
1090 2210 1146 2245 55.
1174 2209 1219 2251 cs.
1246 2212 1280 2253 5,
1309 2209 1366 2253 14,
1390 2208 1426 2244 4.
1470 2206 1517 2254 Ῑβ)
1542 2222 1572 2242 0.
1593 2210 1662 2241 Ai-

163 2259 259 2290 trib.:
283 2258 437 2291 fortasse
462 2257 554 2290 sicut
579 2257 873 2296 scribebant,
897 2256 1003 2291 etiam
1029 2256 1078 2290 ita
1105 2258 1439 2300 loquebantur
1461 2258 1504 2298 1,
1530 2255 1578 2293 7.
1603 2255 1658 2287 13.

164 2312 231 2347 ego
257 2303 308 2337 sic
337 2303 638 2337 scribendum
667 2303 811 2347 quidem
835 2304 977 2346 judico,
1005 2303 1186 2347 quomodo
1212 2309 1351 2337 sonat
1372 2304 1417 2336 ib.
1447 2303 1505 2336 30.
1530 2299 1575 2342 cf.
1602 2301 1659 2341 10,

163 2350 197 2390 3,
222 2349 255 2383 8.
281 2361 363 2383 cum
388 2349 434 2382 sit
458 2350 592 2393 duplex
615 2349 789 2394 quaestio,
815 2350 996 2393 quomodo
1022 2354 1058 2383 et
1081 2360 1171 2392 quae
1194 2349 1352 2382 maxime
1376 2347 1485 2383 scribi
1498 2350 1660 2391 oporteat

164 2396 219 2436 10,
245 2396 278 2437 3,
303 2394 337 2429 4.
366 2395 411 2437 cs.
430 2398 465 2438 1,
493 2397 528 2438 7,
551 2397 607 2428 20.
658 2396 850 2441 Quomodo
875 2394 1128 2429 scribendum?
1155 2398 1211 2437 10,
1238 2394 1330 2439 Cap..
1345 2396 1377 2429 3.
1402 2400 1443 2428 ut
1466 2392 1659 2438 aliquando

165 2439 358 2474 dicatur
382 2441 496 2484 aliter,
526 2452 631 2485 quam
655 2441 892 2476 scribitur
914 2443 971 2484 12,
996 2443 1051 2484 10,
1080 2441 1136 2476 57.
1164 2452 1256 2487 quae
1276 2439 1424 2484 (literae)
1448 2439 1659 2474 scribun-

164 2490 239 2517 tur
267 2487 388 2530 aliter,
420 2498 525 2532 quam
550 2487 873 2522 enuntiantur
898 2490 933 2531 1,
957 2490 993 2530 7,
1008 2488 1073 2522 28.
1100 2488 1162 2521 lex
1188 2493 1309 2531 aperte
1336 2486 1466 2530 scripta
1492 2489 1547 2521 est
1567 2481 1602 2526 4,
1622 2481 1658 2525 4,

163 2528 195 2562 4.
225 2531 313 2564 mihi
336 2544 447 2566 unum
476 2539 547 2578 atq.
572 2532 668 2567 idem
691 2534 855 2575 videtur,
886 2534 1010 2568 bene
1035 2532 1197 2568 dicere
1233 2544 1274 2567 60
1300 2534 1420 2567 bene
1443 2529 1659 2582 scribere

165 2578 227 2614 12,
255 2580 318 2619 10,
346 2579 400 2612 51.
430 2590 516 2612 cura
542 2579 634 2613 bene
663 2591 706 2614 ac
730 2579 906 2614 velociter
928 2579 1109 2615 scribendi
1136 2583 1168 2620 1,
1195 2581 1229 2622 1,
1255 2580 1312 2618 28.
1337 2583 1377 2611 ut
1399 2587 1505 2622 quam
1527 2577 1661 2619 optime

165 2621 359 2655 scribamus
385 2626 441 2666 10,
469 2627 504 2666 3,
530 2625 563 2660 9.
588 2630 628 2658 ut
651 2627 827 2669 possimus
852 2625 1010 2660 scribere
1035 2626 1143 2661 etiam
1166 2626 1268 2670 plura
1296 2622 1448 2658 celerius
1473 2623 1531 2664 10,
1551 2622 1586 2662 3,
1605 2622 1662 2655 15·

165 2667 210 2699 de
233 2667 412 2702 rhetorice
432 2669 620 2715 diligenter
644 2672 785 2715 scripsit
809 2674 843 2713 3,
868 2675 901 2716 1,
926 2672 981 2713 15.
1010 2672 1053 2714 cs.
1079 2673 1138 2706 Pr.
1167 2674 1200 2705 1.
1229 2673 1263 2713 6,
1284 2672 1318 2713 3,
1345 2667 1550 2712 102..quod
1568 2667 1662 2700 male
1726 2696 1728 2699 ,

166 2713 423 2757 scribitur,
450 2717 541 2749 male
573 2716 678 2750 etiam
706 2717 810 2751 dici
839 2720 872 2761 1,
902 2719 936 2758 5.
963 2719 998 2752 6.
1027 2719 1210 2764 praeclare
1236 2726 1305 2749 scr.
1332 2716 1389 2756 10,
1418 2715 1452 2756 1,
1477 2714 1537 2748 73.
1565 2718 1664 2746 recte

165 2757 344 2792 scribendi
373 2760 555 2794 scientiam
584 2764 623 2803 1,
651 2767 695 2805 7,
723 2766 755 2797 1.
789 2763 833 2797 de
855 2763 1015 2808 partibus
1046 2761 1192 2808 singulis
1226 2759 1412 2805 separatim
1447 2759 1604 2795 scribere
1629 2758 1665 2801 4,
