1742 2964
139 152 222 192 948
642 144 937 203 veriloquium
964 172 1020 179 --
1048 148 1164 192 Vero

1455 216 1459 234 l

187 259 300 304 ejusd.
326 259 481 293 nominis
511 258 762 303 repetitionem
786 262 832 303 9,
859 264 900 301 1,
921 260 985 305 24;
1023 267 1232 297 contextum
1258 260 1402 298 dicendi
1433 265 1666 302 intermittere

185 317 351 343 veremur
375 308 438 348 10,
460 309 495 348 7,
518 306 576 340 26.
599 317 768 341 veremur
793 307 975 342 offendere
998 311 1054 352 11,
1081 311 1114 351 1,
1141 309 1198 343 68.
1221 319 1288 342 nec
1311 318 1495 355 opponere
1515 313 1668 358 Thucy-

185 352 259 386 didi
283 352 483 386 Sallustium
509 362 637 387 verear
661 354 717 396 10,
745 355 778 396 1,
802 356 884 396 101;
907 365 1050 397 vereor,
1074 366 1129 388 ne
1153 360 1212 388 aut
1232 365 1359 400 magna
1379 356 1526 392 nimium
1539 358 1665 394 videar

187 398 321 444 eligere
342 418 389 423 —
411 403 471 431 aut
492 399 602 431 multa
630 401 694 440 12,
719 401 760 432 11
776 424 787 440 ,
814 400 848 435 9.
885 399 974 435 illud
1001 400 1146 435 minime
1170 402 1392 447 verendum,
1426 413 1480 438 ne
1507 405 1664 440 laborem

187 444 384 479 studiorum
405 444 509 488 pueri
531 443 708 478 difficilius
732 445 885 479 tolerent
908 450 947 490 1,
976 450 1034 492 12,
1057 448 1092 482 8.
1117 445 1162 489 cfl
1187 449 1223 490 2,
1246 449 1280 491 1,
1307 449 1363 483 13.

141 489 448 545 Veriloquium.
489 513 523 534 v.
547 501 859 549 Etymologia.

139 555 417 601 verisimilis.
459 569 638 604 rhetorice
678 582 750 605 non
789 563 913 616 utique
947 570 1167 616 propositum
1210 552 1337 615 habet,
1377 583 1517 617 semper
1550 583 1667 618 vera

184 614 339 657 dicendi,
365 615 428 649 sed
451 626 591 658 semper
614 617 903 651 verisimilia
926 620 960 659 2,
986 621 1042 660 17,
1069 620 1124 653 39.
1151 616 1196 659 cs.
1217 617 1274 652 34.
1299 629 1376 652 eam
1398 618 1666 662 (narrationem),
1700 661 1701 665 Ἰ

184 673 276 706 quae
309 660 354 694 sit
382 666 456 695 tota
488 672 555 704 pro
581 662 704 705 nobis,
744 664 875 698 debere
904 674 982 698 esse
1011 663 1345 707 verisimilem,
1377 676 1458 698 cum
1486 675 1597 704 vera
1621 664 1667 699 sit

182 707 227 750 4,
251 710 293 749 2,
319 705 376 741 34.
411 719 445 741 v.
470 708 754 743 Probabilis.
788 709 827 743 in
850 709 912 752 iis,
946 721 1037 754 quae
1071 709 1361 744 verisimilia
1385 722 1463 745 esse
1487 713 1664 754 volemus,

183 753 293 788 simus
320 751 388 797 ipsi
418 752 550 787 similes
580 764 727 797 eorum,
759 766 848 800 quae
875 767 985 791 vere
1019 756 1218 800 patiuntur,
1254 755 1435 790 affectibus
1464 757 1506 795 6.
1536 759 1580 799 2,
1606 760 1664 791 27.

179 800 356 834 innocens
385 810 468 833 reus
494 799 612 833 multis
637 800 857 836 verisimilib.
885 801 1066 846 premitur.
1087 823 1133 828 --
1168 803 1249 836 Non
1277 802 1377 836 aliter
1400 807 1516 836 autem
1543 803 1663 838 veri-

182 845 363 880 similia
387 857 491 890 quam
513 857 633 880 vera
658 853 693 880 et
717 848 968 881 confirmantur
992 853 1026 881 et
1049 849 1261 882 refelluntur
1284 851 1349 890 12,
1378 851 1414 889 1,
1436 846 1495 883 45.
1526 860 1558 881 v.
1574 849 1663 882 Ma-

180 891 282 925 nise
293 896 330 924 st
340 902 404 924 us.
437 891 488 925 At
509 891 604 925 enim
626 903 701 926 uon
723 893 917 929 verisimile
945 899 1016 936 est,
1040 900 1174 928 tantum
1197 895 1311 929 scelus
1327 895 1392 928 M.
1419 893 1558 928 Cottam
1584 905 1677 933 esser

179 945 429 972 commentum.
481 938 606 983 Quid?
634 940 705 973 hoc
741 940 935 975 verisimile
971 946 1048 984 est,
1083 946 1219 975 tantum
1251 940 1368 975 scelus
1399 940 1553 985 Oppium
1582 951 1661 974 esse

180 983 372 1018 conatum?
401 986 480 1018 Cic.
507 985 540 1027 5,
568 986 624 1027 13,
649 987 706 1019 30.
744 997 776 1019 υ.
802 987 961 1021 Verus.
1190 988 1195 990 ’

133 1029 319 1072 Veritas.
363 1041 405 1082 Ι)
432 1039 462 1073 si
485 1046 539 1074 tot
564 1042 666 1076 malis
692 1042 852 1077 obnoxia
875 1055 912 1078 v.
939 1046 978 1086 2,
1003 1047 1060 1087 17,
1086 1045 1142 1078 29.
1173 1043 1284 1078 bonas
1307 1053 1430 1076 causas
1453 1041 1558 1076 etiam
1581 1041 1660 1077 sine

178 1087 340 1120 doctrina
372 1086 456 1120 satis
489 1083 554 1130 per
587 1099 627 1121 se
661 1094 779 1122 tuetur
809 1101 846 1126 v.
883 1089 959 1134 ipsa
994 1093 1057 1132 12,
1089 1092 1130 1131 1,
1157 1091 1213 1124 33.
1246 1090 1342 1133 quod
1374 1088 1445 1122 illis
1479 1088 1574 1123 inest
1602 1087 1661 1123 vis

176 1132 304 1167 mentis
329 1137 365 1166 et
386 1143 423 1167 v.
449 1132 526 1177 ipsa
546 1144 685 1167 morum
707 1136 748 1177 6,
771 1138 814 1179 2,
838 1136 894 1170 26.
918 1149 949 1169 υ.
968 1134 1074 1177 Ars3
1113 1137 1239 1170 Genit.:
1265 1134 1339 1168 illic
1363 1135 1414 1179 (in
1436 1135 1536 1176 thesi)
1560 1134 1662 1170 veri-

176 1178 258 1212 tatis
290 1183 423 1211 tantum
458 1179 570 1225 gratia
605 1181 797 1224 disputari,
834 1181 893 1215 hic
918 1183 973 1222 (in
998 1181 1126 1222 causa)
1154 1180 1337 1227 negotium
1367 1179 1423 1226 agi
1461 1182 1504 1223 3,
1528 1181 1572 1221 5,
1600 1182 1659 1215 11.

106 1258 117 1264 ,
175 1225 382 1258 facultatem
416 1224 557 1258 dicendi
580 1243 623 1250 —
646 1227 787 1260 hostem
819 1227 980 1262 veritatis
1006 1230 1072 1269 12,
1099 1232 1114 1260 t
1131 1254 1142 1271 ,
1166 1231 1200 1261 2.
1234 1227 1334 1261 affert
1369 1228 1523 1272 aliquam
1552 1226 1659 1261 fidem

174 1269 334 1305 veritatis
359 1274 394 1303 et
418 1271 588 1304 dubitatio
611 1273 653 1314 9,
679 1275 718 1314 2,
746 1274 800 1308 19.
827 1272 872 1313 qs.
894 1274 935 1315 3,
958 1275 1000 1314 8,
1023 1274 1079 1307 51.
1103 1284 1122 1306 a
1146 1274 1261 1307 forma
1282 1284 1360 1313 ver.
1384 1278 1542 1307 remotus
1562 1275 1597 1315 2,
1620 1271 1658 1315 4,

173 1319 207 1349 2.
241 1321 431 1359 componat
462 1327 500 1349 se
536 1318 579 1349 ad
611 1317 843 1351 imitationem
875 1329 952 1351 ver.
980 1319 1022 1360 5,
1048 1321 1112 1360 12,
1137 1322 1182 1351 22
1202 1321 1247 1352 Ν.
1278 1329 1359 1352 cum
1385 1318 1528 1362 proprie
1552 1323 1589 1351 et
1611 1319 1656 1351 ad

172 1363 289 1408 legem
322 1363 433 1405 ipsam
473 1372 550 1395 ver.
581 1363 797 1406 loquendum
833 1363 900 1396 erit
936 1366 999 1405 12,
1035 1367 1076 1406 1,
1113 1365 1167 1398 19.
1205 1364 1400 1397 secundum
1431 1374 1656 1398 communem

170 1407 288 1451 potius
312 1406 480 1450 loquendi
501 1408 797 1442 consuetudinem
824 1421 927 1452 quam
952 1409 1062 1452 ipsam
1089 1419 1165 1443 ver.
1189 1411 1347 1455 regulam
1375 1411 1439 1451 11,
1463 1411 1505 1452 1,
1537 1411 1593 1443 12.
1619 1414 1656 1443 et

171 1453 446 1497 superlationem
476 1464 552 1487 ver.
590 1460 625 1487 et
649 1455 894 1497 trajectionem
926 1467 1002 1497 opp.
1029 1455 1318 1488 extenuationem
1349 1453 1655 1499 deprecationem-

172 1510 240 1543 que
264 1500 310 1542 9,
334 1501 376 1541 2,
401 1500 434 1532 3.
463 1500 575 1533 verba
606 1500 644 1533 vi
671 1501 776 1544 quad.
804 1512 882 1535 ver.
908 1501 1126 1543 erumpentia
1148 1502 1191 1534 ib.
1217 1501 1282 1542 763
1314 1503 1423 1534 Dat..·
1455 1499 1653 1536 veritati

171 1550 296 1578 contra
317 1545 592 1578 calumniam
623 1546 736 1579 aderit
761 1548 817 1588 12,
846 1549 879 1588 1,
903 1546 959 1580 26.
992 1547 1087 1590 quod
1119 1556 1229 1592 genus
1254 1545 1416 1580 accidere
1444 1546 1551 1580 etiam
1571 1557 1652 1581 ver.

169 1591 220 1632 (i.
248 1603 276 1624 e.
301 1593 423 1623 veris
447 1589 629 1632 causis)
660 1597 777 1635 potest
806 1594 847 1631 3,
875 1593 920 1635 8,
950 1593 995 1626 58
1022 1593 1068 1626 Ν.
1099 1605 1176 1635 opp.
1205 1591 1336 1626 scholis
1375 1591 1421 1633 cf.
1454 1592 1497 1635 6,
1523 1595 1568 1635 1,
1594 1590 1654 1626 43.

170 1647 246 1671 ver.
278 1635 479 1679 proximam
508 1636 698 1683 imaginem
728 1637 844 1672 reddit
867 1640 908 1679 2,
935 1640 1000 1679 10,
1024 1641 1058 1672 2.
1087 1637 1125 1671 in
1158 1638 1388 1672 declamando
1413 1649 1517 1683 quam
1538 1637 1652 1680 simil-

167 1682 291 1715 limum
317 1693 395 1715 esse
417 1693 496 1716 ver.
528 1685 590 1724 10,
619 1683 660 1723 5,
685 1686 741 1716 21.
767 1683 811 1724 cs.
838 1686 872 1726 2,
897 1686 953 1726 10,
977 1683 1013 1717 4.
1046 1695 1078 1717 v.
1103 1684 1650 1726 Declamati03<Accusa1..·

168 1727 301 1762 auferri
326 1727 434 1771 judici
456 1727 643 1762 veritatem
670 1732 724 1772 12,
752 1733 783 1771 1,
809 1730 865 1763 36.
891 1730 1068 1763 eruendae
1091 1741 1129 1764 v.
1156 1732 1211 1768 12,
1236 1730 1272 1772 9,
1295 1731 1328 1764 3.
1352 1729 1410 1764 vis
1435 1741 1476 1763 ac
1499 1730 1652 1764 facultas

149 1773 310 1808 'dicendi
335 1779 514 1818 expugnat
536 1773 646 1817 ipsam
675 1786 712 1809 v.
744 1778 786 1808 ib.
812 1777 869 1809 33.
899 1776 936 1808 in
965 1775 1129 1819 quibusd.
1157 1774 1272 1809 causis
1302 1775 1526 1810 observanda
1548 1787 1586 1811 v.
1613 1774 1650 1819 4,

165 1823 201 1861 2.
230 1819 288 1854 64.
310 1830 383 1853 non
406 1831 545 1863 semper
566 1821 697 1855 tuenda
719 1832 758 1856 v.
789 1821 855 1854 erit
882 1823 916 1864 2,
942 1825 997 1864 17,
1021 1822 1085 1864 36;
1114 1822 1158 1855 ad
1180 1833 1218 1856 v.
1243 1821 1434 1865 Lysippum
1460 1833 1501 1865 ac
1523 1821 1652 1862 Praxi-

165 1867 272 1899 telem
301 1865 494 1899 accessisse
524 1866 657 1909 optime
685 1869 750 1909 12,
777 1870 839 1908 10,
865 1868 899 1902 9.
929 1868 972 1900 ad
995 1878 1033 1902 v.
1059 1868 1345 1901 accommodatae
1370 1865 1648 1910 (declamationes)

166 1914 223 1954 10,
248 1912 283 1953 5,
310 1910 365 1944 14.
390 1912 481 1945 adeo
508 1918 631 1945 contra
655 1924 693 1948 v.
720 1913 918 1946 obstinatus
941 1916 996 1955 12,
1023 1916 1056 1955 1,
1085 1916 1141 1947 10.
1167 1925 1247 1946 cum
1271 1923 1337 1957 pro
1360 1913 1501 1946 falsis
1526 1918 1663 1947 contra·

162 1968 253 1992 ver.
281 1958 378 1991 valet
409 1958 612 1998 (rhetorice)
639 1961 681 2000 2,
707 1959 774 2001 16,
806 1962 847 2000 2;
892 1958 1104 1993 Aristoteles
1128 1959 1166 1992 in
1197 1957 1383 1993 rhetoricis
1417 1969 1522 1992 omne
1557 1969 1647 2002 opus

164 2002 291 2037 dividit
315 2002 353 2035 in
381 2003 637 2037 veritatem
672 2010 706 2037 et
740 2006 948 2047 petenda
982 2016 1022 2038 ac
1046 2005 1282 2051 fugienda
1305 2013 1367 2038 etc.
1391 2006 1436 2046 3,
1463 2005 1508 2046 6,
1531 2003 1578 2039 49
1598 2005 1647 2039 Ν.

162 2061 195 2083 υ.
218 2052 414 2091 Jt1leyerum3
461 2051 598 2084 Ablat..·
634 2049 786 2092 judicem
822 2062 842 2084 a
873 2050 1025 2085 veritate
1060 2050 1190 2094 depelli
1222 2050 1482 2093 misericordia,
1522 2050 1647 2097 gratia,

162 2094 404 2138 similibusque
431 2096 474 2137 5,
499 2096 556 2128 Pr.
583 2098 601 2128 1
625 2100 668 2129 Z.
699 2096 830 2140 optima
858 2102 940 2130 sunt
974 2096 1190 2140 simplicibus
1218 2103 1287 2140 atq.
1322 2096 1364 2130 ab
1393 2095 1469 2141 ipsa
1497 2108 1534 2131 v.
1560 2106 1662 2140 pro-.

161 2140 265 2174 fectis
291 2140 418 2173 similia
445 2141 489 2180 8,
519 2142 575 2177 Pr.
601 2143 658 2175 23.
689 2153 708 2174 a
732 2154 770 2176 v.
793 2149 949 2176 remotus
973 2146 1015 2186 2,
1039 2142 1083 2185 4,
1108 2146 1143 2176 2.
1171 2145 1233 2184 12,
1259 2145 1321 2185 10,
1344 2141 1402 2176 40.
1434 2142 1643 2176 exercitatio
1701 2151 1703 2153 '

160 2186 283 2229 procul
309 2198 329 2219 a
352 2198 389 2220 v.
416 2186 573 2227 sejuncta
596 2188 635 2229 8,
662 2189 705 2229 3,
730 2190 787 2221 23.
813 2188 992 2229 actiones,
1024 2188 1173 2232 quaein
1200 2188 1315 2232 aliqua
1335 2199 1372 2222 v.
1397 2194 1585 2223 versantur
1607 2191 1643 2231 2,

161 2234 223 2274 10,
251 2234 306 2265 11.
352 2231 405 2273 11)
429 2234 470 2264 de
498 2234 640 2275 pedestri
667 2236 833 2266 oratione.-
858 2233 1078 2276 Veritas,
1105 2234 1187 2278 quia
1211 2235 1340 2278 patitur
1363 2245 1475 2277 aeque
1497 2235 1644 2269 brevem

160 2288 239 2311 esse
271 2278 332 2312 vel
367 2278 509 2323 longam
536 2279 701 2313 vocalem
738 2292 815 2322 opp.
850 2279 887 2312 in
925 2280 1216 2314 dimensione
1248 2279 1412 2323 pedum
1436 2281 1482 2322 9,
1506 2279 1550 2320 4,
1575 2281 1642 2321 85,

159 2325 183 2356 i.
211 2336 242 2367 q.
277 2331 473 2365 etymon:
509 2323 570 2367 qui
596 2326 707 2359 verba
742 2326 884 2368 paulum
919 2325 1094 2359 declinata
1126 2326 1226 2360 varie
1261 2331 1296 2359 et
1327 2325 1644 2370 multipliciter'ad

157 2380 236 2403 ver.
260 2369 434 2403 reducunt
460 2372 492 2413 1,
517 2371 551 2412 6,
576 2372 618 2404 31
641 2371 687 2405 N.
726 2372 820 2414 quod
845 2371 978 2406 veritas
1001 2371 1112 2418 exigit
1138 2375 1172 2414 1,
1197 2375 1232 2415 7,
1257 2372 1291 2406 8.

112 2421 416 2466 Vermiculate.
453 2449 492 2471 v.
519 2436 614 2472 inter
637 2449 675 2472 se
701 2438 794 2472 lexis
817 2439 1012 2474 committet
1039 2442 1143 2473 Luci
1152 2443 1175 2474 l.
1202 2440 1238 2482 9,
1265 2436 1301 2481 4,
1332 2439 1408 2472 113.

109 2488 271 2533 Verna-
311 2516 346 2538 v.
373 2504 564 2541 Servus.

109 2555 360 2601 Vernilitas.
395 2583 433 2606 v.
460 2571 600 2606 servilis
630 2575 663 2615 1,
689 2576 744 2616 11,
767 2577 801 2607 2.

107 2622 242 2665 Vero·
290 2637 335 2680 α)
363 2639 531 2673 Oratores
562 2651 601 2675 v.
622 2642 682 2675 vel
714 2641 904 2685 praecipue
929 2642 1090 2676 Latinam
1113 2641 1351 2686 eloquentiam
1374 2652 1494 2687 parem
1515 2642 1637 2677 facere

153 2681 308 2715 Graecae
332 2685 467 2727 possint
493 2688 547 2728 10,
579 2689 610 2728 1,
636 2687 714 2721 105.
739 2687 784 2727 cs.
807 2687 865 2721 24.
896 2690 929 2729 1,
957 2691 1012 2731 10,
1038 2690 1092 2724 10.
1127 2687 1318 2721 occasioni
1341 2700 1379 2723 v.
1404 2694 1440 2722 et
1466 2687 1503 2720 in
1529 2689 1636 2723 rebus

152 2733 204 2761 est
232 2733 327 2761 tanta
349 2730 424 2773 vis,
449 2736 487 2764 ut
513 2739 571 2765 etc.
597 2732 637 2773 6,
662 2734 708 2774 3,
734 2735 790 2767 13.
817 2732 861 2773 cs.
887 2735 944 2769 29.
970 2735 1009 2776 5,
1036 2735 1096 2775 13,
1122 2731 1181 2767 42.
1208 2735 1251 2776 6,
1273 2733 1319 2778 ,4,
1345 2737 1402 2767 21.
1436 2736 1491 2775 11,
1520 2735 1554 2776 3,
1578 2736 1634 2769 75.
