1728 3002
150 141 156 159 Ι

162 170 247 210 476
707 168 872 210 Lacero
909 190 966 198 —-
993 167 1151 212 Laesio

160 280 341 323 Lacero.
387 291 420 335 1)
442 292 504 338 qui
527 304 613 328 suos
635 298 731 328 artus
758 303 880 330 morsu
905 295 1098 331 lacerasset
1135 297 1171 340 8,
1207 298 1242 340 2,
1266 299 1325 332 20.
1372 307 1436 332 sua
1459 296 1617 331 membra
1642 297 1696 330 la-

208 338 344 373 ceranti
365 340 400 382 8,
426 341 461 382 5,
483 342 542 376 23.
567 339 620 384 11)
650 344 791 374 transL:
815 342 906 376 haec
927 341 1004 387 ipsa
1026 342 1156 377 fiducia
1172 343 1355 378 lacerat
1386 355 1428 378 ac
1463 344 1695 377 deformat

208 385 409 420 orationem
443 389 500 429 10,
530 389 564 430 7,
601 389 660 421 32.
706 386 798 420 nihil
830 393 885 422 est
919 406 965 412 —
994 395 1066 423 tam
1100 388 1210 425 variis
1234 389 1420 425 affectibus
1449 389 1697 425 concisum

208 437 280 476 atq.
304 433 376 466 lac
387 443 434 468 er
445 437 583 477 atum,
609 444 716 478 quam
738 434 832 468 mala
854 445 956 469 mens
980 437 1037 480 12,
1063 437 1097 479 1,
1125 439 1162 471 7.

159 499 382 542 Lacertus·
424 512 458 554 Ι)
480 523 526 546 ne
554 512 599 546 ad
621 513 794 547 lacertum
819 514 942 549 redeat
965 513 1072 559 (pars
1099 512 1252 558 tunicae)
1287 517 1344 559 11,
1368 517 1403 558 3,
1437 513 1516 550 140.
1553 516 1696 549 robur

207 569 251 592 ac
273 559 497 593 lacertos
531 570 657 602 parum
689 559 895 595 existimant
928 561 1059 596 decora
1102 562 1145 604 5,
1179 564 1246 604 12,
1276 562 1334 596 18.
1381 571 1455 595 non
1486 561 1697 595 athletarum

203 602 326 638 toris
355 605 420 639 sed
444 604 597 639 militum
623 606 818 641 lacertis
842 609 898 650 10,
923 609 956 650 1,
981 609 1038 642 33.
1067 609 1221 642 lacertos
1246 606 1503 642 exercitatione
1523 607 1698 641 constrin-

204 660 292 697 gere
318 653 376 694 12,
400 653 458 694 10,
482 650 540 686 44.
586 652 741 686 lacertos
764 653 980 688 exercitatio
1007 654 1186 698 expressit
1205 655 1240 696 8,
1265 655 1299 697 3,
1325 656 1381 688 10.
1406 664 1560 698 corpora
1583 653 1697 688 lacer-

205 697 252 731 tis
275 707 446 741 expressa
469 699 506 742 8,
529 699 588 732 Pr.
612 699 657 734 19
683 700 733 734 Ν.
780 700 830 743 ll)
851 704 991 734 transh:
1028 700 1189 735 carnis
1213 701 1292 745 plus
1315 700 1444 743 habet,
1487 699 1606 734 minus
1639 700 1699 734 la-

204 749 450 778 certorum
483 743 711 790 (Aeschines)
737 748 793 790 10,
829 748 863 790 1,
885 749 945 781 77.

157 787 362 831 Lacesso·
410 803 629 837 lacessat
651 804 723 837 hoc
745 803 875 847 modo,
910 814 1017 848 quem
1042 803 1242 839 laedere
1269 803 1317 838 sit
1339 803 1580 848 periculosum
1605 804 1641 847 6,
1666 806 1702 848 3,

202 845 250 881 34
272 849 320 882 N.
367 847 593 894 inopinatum
617 854 653 883 et
680 861 700 883 a
722 850 989 885 lacessente
1016 849 1103 894 poni
1127 851 1219 884 solet
1242 867 1290 874 -
1312 856 1349 885 et
1381 849 1420 884 in
1445 860 1703 885 occurren-

201 894 260 927 do
284 896 328 929 ib.
355 894 402 929 84
424 896 472 930 Ν.
500 894 591 929 nihil
611 895 650 929 iii
686 897 980 931 lacessendo
1010 896 1082 931 dici
1110 902 1248 941 potest,
1289 897 1386 941 quod
1414 907 1491 931 non
1511 897 1626 935 retiam
1662 896 1699 930 in

201 941 581 984 repercutiendo
605 942 639 985 6,
677 944 712 984 3,
741 941 801 977 46.
848 943 894 976 ad
922 943 1244 977 resistendum
1272 944 1335 977 vel
1365 943 1697 976 lacessendum

199 987 236 1028 6,
260 989 296 1030 3,
321 986 410 1031 1043
441 989 534 1022 risus
557 989 657 1022 facto
681 988 826 1026 dictove
850 988 971 1034 aliquo
996 997 1058 1023 etc.
1089 988 1277 1024 lacessitur
1299 987 1359 1034 (a.
1385 993 1410 1023 1.
1435 988 1627 1024 arcessitur
1649 993 1698 1023 al.

201 1033 418 1079 accersitur)
441 1035 477 1079 6,
500 1037 536 1078 3,
561 1038 584 1070 7
611 1036 661 1069 Ν.

151 1088 366 1132 Lacrlma·
413 1102 506 1138 nihil
530 1103 673 1138 facilius
697 1115 804 1149 quam
824 1103 989 1138 lacrimas
1020 1102 1226 1139 inarescere
1253 1103 1290 1146 6,
1315 1104 1349 1146 1,
1381 1105 1437 1138 17.
1461 1109 1502 1139 ut
1533 1116 1592 1144 me
1623 1115 1700 1140 non

197 1147 368 1183 lacrimae
391 1151 521 1194 solum,
550 1169 594 1176 —
623 1150 934 1196 deprehenderent
956 1151 993 1195 6,
1020 1153 1054 1190 2,
1084 1151 1140 1185 36.
1173 1163 1208 1184 v.
1242 1150 1408 1185 Dolor.
1451 1150 1616 1186 lacrimas
1643 1151 1701 1185 his

202 1192 357 1238 (oculis)
379 1201 504 1230 natura
526 1197 655 1232 mentis
678 1197 817 1231 indices
841 1197 962 1240 dedit,
996 1207 1088 1241 quae
1113 1201 1174 1230 aut
1208 1201 1417 1240 erumpunt,
1462 1202 1524 1232 aut
1563 1197 1699 1232 laetitia

200 1246 349 1275 manant
375 1244 430 1284 11,
455 1244 490 1285 3,
513 1244 572 1278 75.
617 1243 679 1277 ubi
702 1244 872 1278 lacrimae
893 1243 1115 1277 substiterint
1140 1244 1196 1286 11,
1222 1244 1255 1285 1,
1278 1242 1334 1277 54.
1379 1253 1511 1289 augere
1532 1243 1700 1278 lacrima-
1719 1252 1726 1258 ‘

201 1296 283 1319 rum
311 1298 436 1321 causas
459 1289 496 1331 6,
526 1290 584 1323 Pr.
620 1293 654 1324 7.
700 1295 742 1323 ut
769 1289 934 1323 lacrimas
963 1289 1089 1323 afferat
1122 1287 1398 1333 (pronuntiatio)
1429 1292 1493 1334 11,
1525 1291 1570 1334 3,
1605 1292 1640 1325 5.
1663 1302 1698 1325 v.

198 1332 282 1366 Ira.
330 1333 439 1367 totius
461 1345 546 1378 pop.
577 1337 682 1368 Rom.
724 1335 890 1368 lacrimas
923 1335 1123 1369 concitasse
1149 1337 1193 1369 ib.
1227 1336 1262 1369 8.
1308 1346 1355 1368 an
1384 1335 1447 1369 ille
1473 1334 1628 1380 (judex)
1653 1353 1701 1361 —

199 1377 306 1411 siccis
330 1379 466 1426 agentis
491 1380 605 1414 oculis
631 1380 795 1414 lacrimas
819 1379 944 1414 dabit?
979 1382 1015 1422 6,
1038 1383 1074 1423 2,
1098 1383 1156 1414 27.
1203 1391 1272 1414 nec
1300 1380 1393 1423 jocis
1426 1381 1593 1415 lacrimas
1617 1381 1720 1426 (cla-u

200 1422 327 1467 bimus)
356 1428 412 1468 11,
441 1429 475 1469 1,
499 1427 533 1461 6.
567 1439 601 1460 v.
634 1427 716 1461 Do.
765 1432 950 1460 accusator
981 1426 1088 1459 habet
1120 1425 1264 1459 interim
1300 1427 1387 1460 lacr.
1419 1427 1455 1470 6,
1493 1429 1527 1470 1,
1555 1429 1590 1462 9.
1638 1438 1728 1471 τες,

198 1476 260 1504 aut
285 1472 513 1506 lacrimas
537 1477 696 1507 meretur
721 1478 780 1506 aut
803 1472 946 1506 risum
973 1472 1009 1515 6,
1039 1474 1071 1513 1,
1094 1470 1152 1505 45.
1198 1473 1284 1505 laer.
1310 1482 1459 1507 movere
1496 1471 1533 1515 4,
1564 1476 1605 1516 2,
1638 1476 1695 1508 77.

197 1517 234 1559 6,
263 1519 296 1560 1,
322 1518 379 1552 26.
425 1518 588 1553 oratione
616 1519 803 1561 continua,
840 1529 930 1563 quae
966 1523 1085 1552 motos
1119 1517 1274 1551 lacrimis
1310 1518 1380 1560 (sc.
1417 1519 1528 1562 suis)
1557 1519 1696 1563 judices

197 1564 243 1596 ad
268 1563 438 1608 justitiam
461 1567 609 1599 reducat
634 1566 671 1609 6,
699 1568 734 1608 1,
767 1564 827 1599 46.
873 1569 1009 1598 motum
1039 1563 1147 1597 animi
1175 1563 1231 1597 sui
1262 1563 1419 1599 lacrimis
1457 1564 1619 1600 confiteri
1648 1567 1716 1610 ib..

197 1611 255 1643 23.
302 1610 502 1645 Philodami
527 1623 649 1646 casum
671 1610 826 1645 lacrimis
849 1610 1013 1654 implevit
1035 1609 1072 1654 4,
1094 1613 1131 1654 2,
1158 1609 1237 1644 114.

149 1664 350 1709 Lacteus.
396 1679 493 1715 Livii
515 1681 630 1715 lactea
653 1681 798 1714 ubertas
823 1681 886 1723 10,
918 1681 964 1722 1,
1001 1680 1060 1713 32-

147 1732 306 1776 Lacus.
354 1750 397 1783 cle
417 1761 520 1783 vase.-
555 1753 672 1783 musta
693 1748 734 1783 in
753 1749 836 1783 lacu
857 1751 894 1792 2,
918 1746 954 1791 4,
977 1748 1012 1784 9·

147 1800 362 1845 Lacunar.
408 1816 540 1852 intueri
563 1817 748 1852 lacunaria
771 1820 829 1861 11,
853 1819 896 1861 3,
921 1818 990 1851 160
1013 1817 1062 1850 N.

150 1869 317 1915 Lassdo·
365 1884 405 1926 α)
426 1887 572 1921 laedere
607 1885 665 1930 (a.
693 1890 715 1920 l.
746 1883 896 1928 ludere)
930 1895 1115 1928 nunquam
1147 1882 1303 1918 velimus
1337 1883 1375 1927 6,
1409 1884 1445 1927 3,
1480 1885 1527 1919 28
1561 1885 1610 1919 Ν.
1647 1897 1694 1919 cr.

196 1941 305 1973 quein
329 1932 408 1976 quis
433 1939 570 1976 amat,
605 1932 724 1967 sciens
749 1943 826 1966 non
852 1931 1007 1966 laedit
1030 1933 1071 1974 5,
1110 1931 1168 1973 10,
1191 1928 1266 1975 74„
1283 1927 1328 1970 cfi
1362 1930 1398 1973 6,
1429 1933 1464 1972 2,
1497 1929 1551 1965 14.
1599 1941 1694 1973 euni,

193 1976 257 2020 qui
281 1978 583 2022 vulneravit,
618 1977 825 2013 laesisse
854 1978 1008 2012 dicimus
1031 1978 1066 2019 8,
1093 1974 1130 2019 4,
1161 1978 1215 2018 1;,
1261 1987 1332 2020 qua
1374 1976 1413 2009 in
1438 1987 1508 2028 ⁸re,
1554 1981 1590 2010 et
1621 1987 1695 2021 quo

192 2025 303 2059 modo
329 2026 447 2060 laedat
471 2025 591 2070 (maier
608 2027 737 2069 filium)
767 2027 824 2068 11,
849 2028 884 2068 1,
909 2026 966 2060 61.
994 2024 1196 2068 petulantes
1221 2021 1260 2055 in
1282 2023 1467 2056 laedendis
1489 2021 1541 2056 eis
1572 2021 1697 2065 (digni.

193 2073 344 2114 tatibus)
372 2074 429 2115 11,
455 2074 489 2115 1,
523 2072 581 2106 67.
615 2084 648 2106 υ.
685 2073 902 2106 Lacesso.
951 2070 1045 2116 Quid
1077 2068 1123 2102 sit
1164 2078 1279 2110 remp.
1307 2067 1480 2102 laedere?
1525 2073 1561 2101 et
1592 2069 1700 2115 lae-2

194 2117 334 2159 serit,
371 2129 417 2152 an
441 2117 726 2162 profuerit?
757 2121 793 2161 7,
811 2116 847 2160 4,
871 2118 930 2152 37.
957 2115 1002 2158 cs.
1027 2119 1064 2158 7,
1090 2117 1124 2157 3,
1160 2117 1185 2148 2
1222 2114 1269 2148 N.
1310 2126 1356 2147 cr.
1389 2113 1479 2157 reip.
1513 2114 1692 2168 laesaej,

192 2164 227 2203 3,
253 2165 285 2198 2.
311 2168 346 2206 7,
371 2163 408 2206 4,
432 2166 491 2199 37.
539 2165 706 2208 exempla
731 2169 802 2198 tam
830 2165 1019 2205 laesae,
1049 2171 1157 2206 quam
1190 2165 1516 2201 conservatae
1543 2166 1695 2198 sanctis-

193 2208 283 2244 sime
307 2210 491 2255 opinionis
519 2213 554 2254 1,
574 2214 611 2254 2,
634 2211 669 2244 4.
716 2210 759 2255 β)
784 2212 919 2244 verbum
937 2208 1092 2250 forense.-
1129 2206 1228 2250 quod
1250 2205 1414 2249 laedit,
1444 2208 1693 2250 repellere

193 2260 254 2288 aut
280 2262 378 2291 certe
402 2257 626 2292 minuere
650 2255 688 2300 4,
719 2259 752 2300 1,
787 2259 845 2291 27.
893 2266 985 2299 quae
1017 2252 1215 2287 laedunt
1251 2264 1327 2295 opp.
1370 2263 1463 2296 quae
1497 2255 1692 2304 prosunt

193 2299 230 2343 4,
257 2303 292 2344 1,
317 2302 374 2337 44.
403 2303 448 2345 cf:
475 2303 510 2347 5,
536 2305 594 2347 13,
619 2305 678 2338 37.
701 2315 734 2337 v.
761 2302 958 2345 Adjuvo.
1005 2310 1066 2343 ea,
1103 2308 1196 2341 quae
1222 2298 1394 2341 laedunt,
1427 2309 1503 2348 non
1538 2300 1694 2335 libenter

194 2352 348 2383 tractare
374 2351 430 2393 11,
459 2351 493 2393 1,
517 2351 576 2385 87.
625 2360 716 2393 quae
739 2348 906 2391 fortia,
952 2347 1037 2380 dum
1069 2343 1258 2397 dicuntur,
1295 2345 1532 2398 videbantur,
1573 2347 1692 2389 stulta,

195 2402 279 2427 cum
305 2396 579 2438 laeserunt,
610 2400 789 2431 vocantur
813 2397 872 2437 12,
898 2394 935 2435 9,
971 2393 1034 2433 13;
1068 2391 1242 2434 cupiditas
1275 2390 1444 2425 laedendi
1474 2390 1518 2434 5,
1555 2394 1600 2435 7,
1633 2393 1690 2427 30.

193 2449 320 2474 causas
347 2441 512 2477 laedendi
537 2440 782 2476 adversarimn
808 2442 851 2473 ib.
878 2441 942 2480 133
985 2437 1046 2482 qui
1079 2447 1145 2480 per
1177 2442 1231 2470 tot
1265 2447 1378 2472 annos
1413 2437 1551 2480 delen
1563 2437 1616 2472 de
1627 2437 1691 2472 ril

192 2487 342 2530 multas,
374 2487 578 2522 laeserit
600 2487 782 2522 neminem
808 2487 892 2520 Cic.
916 2483 953 2526 4,
982 2486 1016 2526 1,
1040 2481 1098 2518 49.
1134 2494 1215 2527 pars
1238 2483 1448 2526 testium,
1481 2494 1574 2527 quae
1597 2484 1689 2522 laer

194 2530 308 2566 dere
333 2544 435 2567 reum
463 2534 555 2570 velit
577 2533 612 2577 5,
638 2536 674 2576 7,
701 2533 756 2567 15.
782 2531 827 2574 ej:
854 2533 898 2565 ib.
923 2528 980 2564 24.
1005 2530 1041 2572 6,
1064 2531 1099 2571 3,
1133 2530 1191 2565 86.
1236 2528 1267 2562 si
1294 2540 1397 2563 reum
1425 2528 1547 2563 caedis
1575 2528 1688 2575 impuss

194 2575 314 2610 (licum
335 2580 397 2613 vel
423 2581 624 2615 adulterum
647 2583 777 2622 vocet,
814 2578 933 2612 laedat
967 2574 1136 2609 infamia:
1174 2573 1293 2609 minus
1333 2580 1452 2610 tamen
1485 2575 1557 2609 hoc
1580 2575 1624 2609 ad
1647 2573 1686 2611 fie'

195 2622 279 2656 dem
301 2625 441 2667 valeat,
474 2638 579 2670 quam
606 2626 637 2660 si
660 2626 831 2659 audacem
865 2630 928 2657 etc.
953 2621 1149 2656 ostenderit
1186 2625 1232 2664 7,
1263 2625 1306 2664 2,
1341 2622 1400 2656 28.
1445 2621 1619 2655 laesum
1654 2624 1685 2674 a!

194 2668 501 2704 vulneratum
525 2684 628 2706 reum
650 2674 693 2706 ib.
724 2673 783 2706 30.
834 2675 873 2704 ut
897 2669 1092 2715 allegemus
1116 2667 1170 2703 illi
1196 2666 1336 2713 (judici)
1363 2677 1430 2711 pro
1453 2666 1606 2702 laesis
1631 2674 1683 2714 se]

193 2713 382 2750 veritatem
409 2716 555 2760 (suam)
588 2718 631 2761 4,
667 2721 711 2762 1,
746 2718 803 2754 16.
1485 2739 1487 2742 ·

151 2755 321 2801 LRESiO.
369 2771 452 2815 (fig.
483 2786 538 2817 (ip.
571 2774 683 2817 Cic.)
713 2775 748 2818 9,
775 2777 808 2818 1,
835 2775 890 2809 32·
916 2773 951 2818 9,
976 2774 1010 2815 2,
1036 2774 1067 2805 2·
