1728 3002
180 311 262 351 276
657 298 887 355 Ejusmodi
926 323 981 331 —-
1019 300 1247 359 Elegantia

1704 364 1725 373 x

231 421 340 457 modo
373 414 523 463 ejecturi
556 412 645 460 (Sp.
687 414 836 449 meliores
871 415 977 450 codd.
1014 425 1145 453 secutus
1183 421 1302 454 suadet
1333 419 1542 463 eluctaturi3
1581 423 1728 456 Burm.

232 463 450 511 eructaturi)
487 472 609 496 sumus
635 462 692 504 10,
715 463 750 504 7,
777 462 822 495 10
846 461 894 496 Ν.
921 475 970 498 cr.

189 511 429 569 Ejusmodi.
478 522 514 564 3,
545 521 580 562 5,
610 521 666 553 12.
694 518 730 562 9,
754 517 791 562 4,
818 517 897 554 145.
925 521 962 564 9,
985 522 1021 564 2,
1045 522 1102 556 80.
1128 523 1176 567 ej.
1200 529 1454 568 praeceptores
1478 526 1513 567 2,
1537 516 1573 567 3,
1597 522 1633 558 4.

191 580 366 627 Elabor.
423 587 462 631 α)
487 586 690 621 rhetoricos
715 597 799 621 suos
825 580 952 632 (libros)
979 590 1198 625 adolescenti
1212 591 1280 626 sibi
1305 593 1446 637 elapsos
1461 594 1495 635 3,
1519 594 1552 635 1,
1569 593 1625 626 20.
1644 590 1728 625 inte-

237 640 305 674 rim
332 635 519 671 elabuntur
543 634 672 678 (⁰1²¹fo
699 632 833 678 sensus)
859 636 916 678 10,
941 637 976 678 3,
1003 638 1059 670 33.
1097 637 1136 682 β)
1164 640 1197 671 in
1218 639 1366 682 judiciis.
1396 638 1563 674 Servium
1591 637 1728 672 Galbam

243 682 474 720 miseratione
499 681 577 715 sola
602 681 761 724 elapsum
784 691 863 716 esse
881 683 916 724 2,
938 683 1039 726 15,8.
1062 682 1136 716 risu
1153 690 1236 718 sunt
1250 690 1287 719 et
1302 690 1503 729 opportuno
1527 685 1609 728 joco
1630 685 1728 728 elaps·

239 734 273 775 6,
299 733 334 773 3,
358 731 422 771 10,
455 738 522 761 nec
548 738 633 760 sane
658 725 772 771 potuit
797 727 968 762 urbanius
992 739 1045 763 ex
1070 731 1300 767 confessione
1326 730 1490 766 inscitiae
1523 741 1612 765 suae
1645 730 1728 765 elab:

239 782 274 821 2,
304 779 360 820 11,
384 778 419 808 2.
451 773 571 818 aliquo
595 772 771 818 adjutorio
802 774 966 809 elabendi
992 786 1051 809 ex
1077 776 1225 812 crimine
1253 779 1287 819 3,
1309 777 1346 821 6,
1370 779 1426 813 83.

195 832 400 878 Elaboro-
458 840 498 882 a)
523 852 604 888 age
629 841 822 886 aliquid‘et
844 843 935 888 reip.
970 855 1077 878 causa
1113 846 1301 880 elabora
1333 846 1496 879 Domit.
1531 842 1602 885 Af.
1637 843 1674 886 6,
1705 844 1727 877 3

239 892 297 927 68.
332 887 403 922 nisi
434 887 528 921 forte
563 889 695 922 Jovem
732 887 874 923 Phidias
903 890 1037 934 optime
1070 891 1090 923 f
1097 891 1216 936 ecit,
1245 891 1309 926 illa
1342 896 1460 925 antem
1491 889 1581 923 alius
1613 887 1728 923 melin:

242 936 536 972 elaborasset
557 937 594 976 2,
619 936 654 977 3,
677 934 711 968 6.
737 934 872 969 etiamsi
894 936 1033 981 reliqua
1056 937 1232 983 scripta
1256 943 1361 983 atque
1386 936 1632 972 elaborata
1655 934 1727 969 sint

242 990 362 1017 tamen
388 981 598 1024 plerumque
623 981 789 1015 videatur
809 987 884 1016 tota
907 984 1249 1027 extemporalis
1273 984 1389 1018 oratio
1412 982 1447 1025 4,
1466 985 1498 1025 1,
1519 980 1576 1018 54·
1601 980 1728 1015 Isocra-

243 1029 289 1063 tis
315 1026 576 1073 Panegyricum
608 1028 734 1061 decem
771 1028 873 1062 annis
901 1030 1122 1063 elaboratum
1148 1033 1204 1073 10,
1230 1033 1263 1074 1,
1287 1029 1333 1073 4;
1372 1029 1462 1063 nihil
1484 1029 1578 1062 ultra
1605 1027 1728 1062 verbo-

243 1087 322 1110 rum
349 1072 603 1117 proprietatem
634 1073 836 1109 elaboravit
872 1077 934 1118 12,
969 1078 1030 1118 10,
1067 1075 1123 1111 43.
1161 1076 1233 1110 nisi
1265 1076 1316 1123 in
1345 1075 1474 1111 ceteris
1486 1100 1497 1118 ,
1535 1084 1624 1118 quae
1653 1083 1728 1108 mo:

243 1119 497 1166 praecipienda
526 1125 631 1161 sunt,
655 1120 919 1155 elaboraverint
945 1121 978 1165 5,
1009 1124 1064 1164 10,
1093 1124 1177 1165 119;
1219 1122 1252 1157 ei
1276 1133 1352 1157 non
1385 1122 1438 1156 in
1472 1131 1585 1154 unam
1603 1125 1728 1164 pat-ten

247 1167 421 1210 aliquam,
453 1166 514 1198 sed
540 1164 589 1198 in
626 1165 745 1199 omnia
769 1168 1024 1202 elaborandum
1049 1174 1104 1202 est
1128 1172 1167 1209 2,
1192 1170 1232 1212 8,
1265 1170 1300 1204 8.
1331 1168 1380 1202 in
1410 1169 1481 1202 hoc
1515 1166 1728 1201 elaboremu:

249 1215 341 1258 (Sp.
372 1210 468 1252 lab.)
506 1213 562 1252 12,
590 1212 622 1252 1,
647 1213 690 1244 31
716 1215 759 1244 Ζ.
786 1213 833 1246 Ν.
863 1226 930 1256 cr.;
958 1213 1008 1247 in
1032 1214 1075 1247 iis
1100 1215 1378 1257 elaborandum,
1401 1219 1450 1247 ut
1475 1220 1538 1247 eto.
1560 1211 1598 1258 4,
1622 1214 1658 1255 1,
1681 1209 1728 1246 45

243 1271 278 1293 v.
294 1257 499 1298 Laboro;
527 1255 714 1290 breviores
737 1258 1011 1293 commentarios
1035 1261 1197 1295 facere
1223 1261 1532 1295 elaborarunt
1554 1260 1589 1301 3,
1613 1259 1649 1300 8,
1674 1258 1720 1292 58

246 1304 318 1338 cui
343 1302 584 1337 docendae
617 1302 758 1346 priores
785 1305 1100 1340 elaborarunt
1140 1309 1197 1349 12,
1234 1309 1290 1349 11,
1321 1309 1367 1340 22
1403 1309 1448 1340 Ζ.
1500 1303 1552 1350 β)
1587 1305 1713 1337 Partic-

243 1351 307 1385 illa
331 1349 515 1383 elaborata
542 1349 599 1391 10,
629 1351 665 1391 7,
689 1350 746 1383 32.
779 1349 917 1384 etiamsi
945 1351 1085 1396 reliqua
1119 1351 1305 1396 scripta
1337 1357 1444 1396 atque
1483 1350 1728 1384 elaboran

246 1396 317 1430 sint
342 1408 421 1439 opp.
449 1394 702 1438 extemporalis
732 1395 825 1430 actio
849 1395 885 1440 4,
909 1399 943 1439 1,
972 1397 1027 1432 54.
1061 1397 1410 1442 compositiora
1447 1401 1506 1439 et,
1544 1406 1651 1440 quam
1674 1405 1728 1430 no:

244 1441 440 1487 poterimus
455 1466 466 1483 ,
492 1441 594 1474 elab
608 1447 710 1475 orat
723 1452 743 1474 a
766 1443 824 1475 Pr.
851 1444 884 1478 8.
907 1443 997 1476 nihil
1020 1443 1249 1478 arcessiti
1272 1449 1308 1478 et
1331 1442 1575 1478 elaborati
1603 1444 1659 1484 12,
1686 1443 1728 1475 10

247 1487 305 1523 40.
333 1486 595 1531 compositione
620 1487 842 1521 elaboratum
875 1490 909 1531 8,
935 1491 970 1532 3,
998 1492 1054 1523 12.
1082 1497 1110 1524 'c
1121 1489 1169 1523 ui
1199 1489 1323 1524 nescio
1347 1501 1394 1524 an
1416 1490 1489 1523 ulla
1510 1499 1594 1532 pars
1622 1486 1728 1531 operi:

245 1535 352 1579 hujus
377 1533 424 1568 sit
448 1533 560 1579 magis
589 1534 771 1567 elaborata
784 1536 818 1578 9,
838 1533 875 1579 4,
899 1539 917 1569 1
941 1539 984 1571 Ζ.
1015 1535 1137 1584 figuris
1157 1536 1387 1582 numerisque
1411 1535 1594 1571 elaborata
1614 1534 1728 1579 (verba

246 1584 302 1623 11,
329 1583 363 1624 1,
391 1583 424 1613 2.
449 1591 480 1613 v.
506 1579 811 1624 Distorqueo.
1725 1597 1728 1608 .

200 1625 339 1669 Elate.
378 1649 436 1656 —
471 1637 618 1684 grandia
644 1636 738 1671 canit
774 1639 807 1681 1,
839 1639 893 1681 10,
918 1636 975 1672 24.

200 1682 367 1727 Elatus.
443 1703 519 1727 non
556 1704 662 1738 supra
696 1694 842 1728 modum
875 1696 987 1729 elatus
1015 1695 1072 1729 Μ.
1103 1693 1246 1740 'rullius
1282 1697 1339 1738 12,
1368 1697 1424 1738 10,
1453 1695 1510 1735 39.
1547 1678 1655 1739 [elati
1685 1693 1728 1731 vil

243 1738 381 1787 ingenii
405 1736 490 1782 (hoc
521 1752 562 1772 ex
593 1743 688 1772 unius
724 1742 850 1775 Goth.
878 1742 991 1775 elatus
1016 1740 1162 1787 ingenio
1197 1743 1262 1784 Sp.
1293 1743 1502 1784 emendav‘ii;
1533 1743 1594 1775 sed
1624 1753 1728 1781 secun

246 1789 324 1820 dum
350 1788 501 1819 meliores
525 1789 742 1819 auctoritates
767 1789 878 1820 verius
904 1789 1035 1820 videtur·
1058 1788 1175 1820 clarus
1198 1785 1363 1832 ingenio)
1389 1789 1445 1830 10,
1464 1790 1498 1830 1,
1520 1789 1588 1821 102
1614 1788 1662 1823 Ν.
1675 1784 1728 1831 on:

245 1833 360 1877 ipsum
386 1831 529 1865 dicendi
555 1842 668 1878 genus
690 1831 728 1864 in
751 1833 822 1865 hoc
847 1829 1009 1875 (ἤθει)
1042 1832 1278 1876 placidum
1308 1833 1415 1866 debet
1440 1843 1520 1867 esse
1543 1843 1586 1867 ac
1607 1832 1714 1867 mite

246 1878 337 1912 nihil
364 1877 624 1921 superbum,
656 1877 743 1910 nihil
772 1878 945 1911 elatum
980 1879 1104 1912 saltem
1129 1889 1170 1912 ac
1203 1878 1403 1912 sublime
1437 1877 1615 1913 desideret
1635 1879 1675 1922 6,
1703 1881 1728 1912 2

246 1925 302 1961 19,
327 1922 483 1956 miscens
506 1924 632 1956 elata
655 1922 921 1957 summissis
947 1925 1003 1967 11,
1029 1925 1065 1967 3,
1092 1922 1150 1958 43.
1177 1929 1253 1957 tum
1282 1922 1442 1968 elatis,
1471 1923 1728 1960 11111111ιῖ6ιί-

245 1969 406 2004 oribus
440 1969 556 2001 modis
582 1967 717 2013 (vocis)
745 1979 835 2012 opus
861 1974 915 2003 est
948 1972 992 2003 ib.
1023 1972 1059 2014 3,
1084 1972 1148 2013 17;
1185 1976 1307 2017 gestus
1339 1969 1468 2005 elatior
1496 1970 1543 2005 sit
1579 1973 1621 2005 ib.
1658 1968 1728 2005 134

245 2015 373 2050 elatior
394 2013 530 2061 ingenii
554 2014 611 2049 vis
640 2016 697 2058 10,
726 2016 758 2056 1,
779 2013 838 2048 44.
1519 2050 1525 2054 ,

204 2059 381 2104 Electio.
458 2082 507 2105 ex
541 2070 660 2105 dubiis
696 2072 824 2116 partim
857 2071 961 2106 nobis
995 2071 1082 2116 ipsis
1109 2073 1153 2106 ad
1177 2072 1392 2107 electionem
1418 2078 1500 2112 sunt
1529 2072 1665 2115 libera,
1696 2070 1724 2105 d·

246 2118 303 2153 his
328 2117 545 2151 deliberatur
560 2119 595 2160 3,
618 2116 656 2161 4,
681 2119 714 2152 8.
740 2117 853 2152 doctis
878 2124 932 2153 est
951 2123 986 2152 et
1012 2119 1190 2153 electio
1215 2125 1251 2154 et
1277 2121 1436 2153 modus
1459 2121 1494 2162 2,
1520 2118 1575 2161 12,
1603 2118 1659 2153 16.
1690 2118 1728 2152 el

244 2165 441 2200 verborum
466 2166 499 2206 1,
527 2166 583 2206 12,
607 2162 642 2198 4.
667 2169 707 2197 ut
738 2164 870 2208 optime
894 2175 1028 2199 vocum
1054 2164 1272 2212 singularum
1301 2166 1418 2204 cedat⁴
1433 2164 1563 2199 electio
1605 2166 1670 2207 10,
1693 2166 1721 2199 -7

248 2211 302 2245 14.
336 2210 454 2243 facilis
489 2220 545 2243 ex
577 2209 633 2243 his
662 2210 878 2254 optimorum
912 2210 958 2244 sit
994 2211 1040 2244 el.
1071 2213 1133 2255 10,
1160 2214 1193 2254 1,
1216 2212 1251 2246 6.
1283 2212 1380 2256 quod
1412 2209 1545 2253 inter
1576 2209 1718 2246 diversa

243 2255 433 2301 opiniones
458 2254 614 2289 difficilis
639 2262 734 2290 esset
762 2256 891 2291 electio
915 2258 972 2290 Pr.
996 2259 1030 2290 2.
1594 2255 1596 2257 ’

201 2309 404 2366 Elegans.
474 2322 521 2363 α)
561 2326 602 2358 de
626 2326 793 2368 personis.-
828 2325 1008 2370 elegantes
1037 2324 1075 2358 in
1101 2335 1165 2358 sua
1191 2322 1340 2368 quisque
1363 2321 1510 2364 materia
1535 2303 1593 2366 10,
1623 2324 1656 2365 1,
1679 2322 1715 2357 8‘.

249 2368 372 2411 Lysias
398 2369 586 2404 subtilis
620 2376 691 2414 atq.
716 2371 903 2416 elegans
931 2373 973 2404 ib.
1000 2372 1058 2405 78.
1090 2375 1241 2404 tersus
1266 2376 1335 2415 atq.
1361 2371 1556 2416 elegans
1584 2367 1712 2405 maxim

244 2420 369 2447 auctor
392 2417 434 2447 ib.
463 2416 521 2450 93.
582 2414 627 2459 β)
661 2418 703 2450 de
729 2418 847 2449 rebus:
882 2426 961 2450 esse
990 2415 1027 2449 id
1061 2421 1135 2450 tum
1172 2418 1366 2463 elegans
1397 2421 1472 2448 tum
1506 2413 1613 2449 etiam
1643 2414 1710 2448 fol

246 2458 475 2493 tissimum
498 2465 533 2504 7,
561 2464 596 2504 3,
623 2463 676 2496 18.
704 2461 894 2495 acriora
917 2467 1000 2495 sunt
1023 2467 1059 2496 et
1087 2462 1397 2509 elegantiora
1422 2461 1458 2505 6,
1482 2462 1517 2503 3,
1541 2461 1598 2498 57.
1625 2459 1709 2494 (ἐι-ιε

245 2513 328 2537 cum
352 2504 439 2539 illud
473 2507 776 2553 elegantissimum
807 2512 861 2540 est
894 2508 928 2550 8,
965 2509 999 2546 3,
1034 2509 1100 2550 37;
1137 2511 1172 2542 et
1195 2507 1397 2555 grandis
1421 2512 1459 2541 et
1482 2506 1676 2552 elegans
1703 2524 1706 2531 ι

241 2557 444 2584 venusta
470 2552 626 2598 (antiqua
651 2552 837 2596 comoedia)
863 2555 920 2595 10,
948 2556 981 2596 1,
1006 2553 1063 2588 65.
1098 2555 1290 2600 elegans
1320 2559 1356 2588 et
1386 2550 1587 2587 venusta
1622 2561 1705 2598 exp·

243 2594 327 2675 gietio
350 2596 541 2674 6,x}3,1339;
575 2610 666 2644 quae
682 2597 870 2644 (scripta)
900 2598 938 2632 in
971 2600 1043 2634 hoc
1070 2610 1203 2646 genere
1231 2597 1490 2646 elegantissima
1513 2603 1596 2631 sunt
1621 2599 1689 2640 10,

243 2665 251 2673 .
290 2664 301 2673 .
328 2651 363 2673 v.
435 2652 448 2674 1
477 2653 529 2676 1s.
1688 2671 1689 2674 =

196 2683 428 2740 Eleganter
474 2699 614 2749 ‘eleg.
650 2705 759 2744 atqtoe
792 2701 1047 2746 exquisite
1081 2701 1213 2736 dictum
1242 2702 1277 2743 8,
1316 2702 1351 2742 2,
1385 2701 1442 2733 21.
1478 2698 1523 2740 cf.
1557 2700 1593 2742 9,
1614 2701 1652 2742 -2,
1696 2691 1699 2694 Δ

242 2744 426 2788 eleganter
448 2743 542 2776 d1cta
567 2750 603 2777 et
628 2746 775 2788 proprio
799 2748 953 2790 quodam
978 2749 1104 2792 lepore
1129 2747 1284 2792 jucunda
1305 2746 1341 2788 6,
1369 2747 1404 2788 3,
1430 2747 1509 2779 102.
1537 2744 1628 2779 illud
1654 2744 1699 2781 ὢ

244 2787 448 2834 gantissime
475 2795 623 2823 excusat
651 2793 705 2832 11,
735 2794 767 2833 1,
794 2792 850 2827 74.
1039 2826 1042 2832 Α
1678 2786 1690 2821 t

196 2833 435 2890 Elegantia·
495 2856 541 2880 ne
575 2846 787 2892 elegantiam
800 2873 811 2890 ,
845 2858 948 2892 quam
976 2848 1093 2892 cupit,
1126 2859 1200 2883 non
1223 2853 1432 2892 assequatur
1456 2846 1518 2892 (α.
1539 2851 1561 2882 1.
1588 2851 1692 2895 seqszg·

238 2890 410 2936 perseq.)
446 2893 502 2935 10,
530 2895 566 2935 2,
593 2893 650 2928 19.
676 2893 873 2927 decoris
907 2899 943 2928 et
977 2895 1144 2930 excultae
1177 2893 1360 2939 cujusdam
1393 2893 1608 2941 eleganti
1621 2903 1689 2930 aei
