1728 3002
101 249 183 290 ⁷82
830 242 915 291 Res

145 362 204 396 32.
230 361 266 405 7,
289 359 324 405 4,
351 360 385 396 6.
412 372 554 405 rerum,
583 361 644 408 qui
670 361 774 398 nervi
799 369 880 398 sunt
907 363 945 398 in
969 363 1085 398 causis
1109 365 1155 409 8,
1179 366 1237 400 Pr.
1265 367 1320 402 18.
1344 370 1396 401 tot
1421 376 1461 402 se
1486 366 1643 414 undique

144 408 221 442 reb.
236 433 247 451 ‚
273 418 321 442 ex
346 406 473 452 quibus
500 409 655 454 aliquam
679 411 946 454 apprehendas,
980 410 1213 446 offerentibus
1242 415 1305 456 10,
1330 414 1371 455 5,
1397 415 1454 448 10.
1475 413 1644 458 paulatim

143 465 174 488 r.
200 453 342 487 facilius
367 466 405 488 se
435 457 625 490 ostendent
654 459 717 500 10,
746 458 790 499 3,
814 458 850 493 9.
874 467 923 491 ex
947 456 1076 502 quibus
1102 469 1134 493 r.
1162 468 1288 494 omnes
1310 458 1451 493 initium
1477 459 1645 495 duxerint

142 504 185 543 2,
213 503 275 543 17,
300 501 368 542 383
396 503 526 536 Geni1.:
559 502 653 537 inter
677 502 816 537 medios
839 514 957 537 rerum
986 510 1086 538 actus
1113 506 1175 548 10,
1202 505 1244 549 6,
1274 508 1306 540 1.
1334 516 1402 540 nec
1428 505 1584 553 imagine
1609 512 1645 541 et

143 545 278 580 ambitu
304 548 427 581 rerum
459 549 522 583 sed
551 550 659 584 rebus
683 549 844 584 incendit
868 552 930 594 10,
956 551 998 593 1,
1024 551 1080 588 16.
1117 549 1219 598 signa
1242 562 1272 590 r.
1299 557 1334 586 et
1360 557 1568 600 argumenta
1595 552 1644 586 ita

141 593 274 635 multa,
302 598 342 626 ut
363 593 469 628 etiam
484 619 495 636 ,
523 595 583 640 qui
609 596 654 629 de
680 595 814 630 artibus
838 595 1077 641 scripserunt,
1109 596 1251 641 plurimi
1277 599 1404 632 harum
1427 610 1458 634 r.
1483 598 1644 643 testimo-

139 638 240 672 nium
263 639 308 673 ab
331 640 402 674 hoc
430 645 538 685 poeta
560 647 683 686 petant
716 644 759 677 ib.
783 641 842 679 49.
867 653 916 678 ex
938 643 1143 690 cognitione
1171 654 1259 678 rer.
1286 645 1644 690 exemplorum-

139 696 210 730 que
240 688 305 730 10,
332 689 349 720 1
365 712 376 730 ,
405 686 478 722 34.Α
500 699 530 726 r.
559 688 664 733 copia
694 689 822 724 Graeci
848 694 1014 723 auctores
1043 690 1229 725 abundant
1251 692 1316 734 10,
1343 691 1386 734 5,
1411 692 1446 726 3.
1470 691 1588 725 omnis
1610 703 1643 726 r.

141 732 323 775 copulatio
347 735 405 776 11,
430 736 465 776 2,
494 736 551 769 37.
577 746 608 768 r.
637 734 837 770 differentia
859 736 892 779 5,
918 737 974 779 13,
998 738 1056 770 23.
1082 735 1177 770 infra
1201 734 1408 784 dignitatem
1433 748 1465 771 r.
1490 738 1526 782 8,
1550 740 1585 780 2,
1607 740 1643 773 2.
1712 731 1713 734 “

139 777 186 819 cs.
214 781 278 824 12,
305 781 343 823 1,
370 780 403 814 8.
431 779 527 814 utilis
553 792 583 814 r.
611 792 654 815 ac
677 781 829 825 partium
851 781 890 815 in
916 782 1016 816 locos
1044 782 1246 818 distributio
1268 786 1303 826 7,
1329 785 1363 827 1,
1395 785 1428 818 1.
1453 794 1643 818 enumera-

137 824 276 859 tionem
302 836 332 859 r.
361 828 425 869 11,
451 829 492 870 3,
519 829 600 862 170.
629 829 798 873 exempla
819 839 850 862 r.
876 830 916 870 5,
943 830 1006 871 13,
1033 827 1090 862 24.
1121 831 1176 873 12,
1208 832 1264 872 11,
1291 831 1336 864 17
1357 829 1406 863 N.
1436 840 1466 864 r.
1493 830 1642 874 experi-

137 870 267 905 mentis
292 877 399 916 atque
426 873 596 918 operibus
623 877 688 918 12,
717 877 761 919 2,
788 877 824 909 7.
856 873 1030 920 imagines
1053 886 1084 909 r.
1112 878 1154 918 1,
1183 877 1226 918 2,
1250 877 1296 910 30
1325 888 1359 910 υ.
1389 877 1556 922 Imago.
1583 874 1642 909 in-

136 918 397 961 consequentia
419 930 449 957 r.
476 919 685 954 foedissima
709 922 753 964 8,
778 920 822 964 6,
853 922 910 956 50.
934 932 965 958 r.
990 925 1026 955 et
1051 922 1160 955 modo
1190 927 1226 956 et
1243 921 1377 966 judicio
1402 924 1465 965 12,
1493 923 1557 965 10,
1581 922 1640 956 38.

135 964 321 1008 proposita
345 976 375 999 r.
402 966 649 1014 magnitudine
674 969 740 1010 10,
767 968 801 1010 1,
824 966 882 1001 48.
913 966 1071 1001 maxima
1097 979 1126 1002 r.
1153 973 1335 1002 momenta
1357 968 1393 1012 8,
1418 970 1453 1011 3,
1479 970 1534 1002 13.
1560 978 1642 1002 mo-

135 1017 306 1045 numenta
328 1023 358 1045 r.
386 1015 450 1056 12,
477 1016 518 1047 11
534 1039 544 1057 ,
569 1011 604 1047 4.
640 1025 670 1048 r.
697 1018 823 1048 natura
852 1015 913 1056 10,
938 1015 981 1057 3,
1005 1014 1051 1048 26
1075 1026 1107 1047 v.
1131 1014 1328 1048 Natura.
1353 1013 1500 1058 propria
1521 1024 1551 1047 r.
1575 1015 1640 1048 ali-

134 1068 286 1101 quarum
308 1059 454 1093 nomina
479 1062 536 1102 10,
562 1062 596 1102 1,
623 1062 679 1094 11.
704 1060 781 1095 vim
803 1071 832 1094 r.
859 1065 971 1105 atque
990 1059 1154 1094 ordinem
1179 1063 1236 1104 11,
1261 1063 1297 1104 2,
1320 1059 1378 1095 44.
1404 1058 1449 1101 cs.
1477 1062 1533 1104 10,
1558 1061 1594 1106 6,
1616 1061 1640 1094 2

133 1115 166 1137 v.
194 1103 335 1139 Ordo.
359 1115 391 1139 r.
415 1106 650 1150 perspicuitas
675 1106 718 1150 8,
744 1109 788 1149 2,
814 1109 873 1140 22.
899 1117 929 1140 r.
955 1107 1116 1151 pondere
1139 1107 1183 1150 9,
1207 1106 1250 1150 4,
1276 1109 1343 1142 113
1375 1119 1410 1142 v.
1434 1107 1640 1143 Pondus.

132 1155 328 1193 prospectu
357 1163 389 1186 r.
416 1155 481 1196 11,
515 1155 562 1195 2,
596 1154 652 1186 10.
681 1164 710 1187 r.
748 1151 917 1197 repetitio
951 1158 988 1187 et
1015 1152 1247 1201 congregatio
1270 1153 1317 1197 6,
1341 1155 1383 1198 1,
1410 1155 1445 1187 1.
1470 1154 1583 1187 multa
1604 1163 1639 1187 r.

132 1196 309 1231 subtilitas
335 1199 351 1230 1
369 1222 379 1241 ‚
405 1197 452 1242 4,
476 1199 511 1234 6.
537 1210 567 1234 r.
594 1198 818 1233 tenuitas‘i'b.
843 1202 878 1234 7.
907 1197 965 1234 vis
988 1210 1020 1238 r.
1050 1201 1093 1243 5,
1117 1202 1174 1242 10,
1203 1200 1270 1242 75;
1293 1210 1325 1234 r.
1350 1211 1372 1234 a
1394 1209 1434 1234 se
1458 1200 1637 1247 gestarum

131 1242 284 1285 jactator
311 1246 352 1276 11
367 1269 379 1286 ,
406 1246 448 1287 1,
478 1247 535 1279 17.
568 1256 599 1278 r.
624 1256 768 1279 suarum
791 1245 929 1289 judices
951 1243 988 1288 4,
1013 1246 1046 1286 1,
1070 1246 1130 1280 18.
1151 1246 1306 1280 disertus
1330 1256 1360 1280 r.
1386 1249 1528 1279 suarum
1552 1255 1638 1279 nar-

130 1293 232 1322 rator
260 1291 323 1331 11,
350 1291 393 1332 1,
420 1290 477 1324 36.
504 1302 634 1334 parens
657 1303 687 1326 r.
713 1291 753 1334 (i.
783 1304 812 1325 e.
843 1290 964 1331 deus)
991 1293 1038 1331 2,
1064 1287 1128 1334 1'6,
1157 1294 1220 1335 123
1253 1302 1375 1326 rerum
1397 1290 1637 1335 pulcherrima

133 1336 173 1376 1,
203 1336 268 1377 12,
295 1335 351 1369 16.
381 1334 429 1376 cs.
456 1338 512 1379 12,
540 1339 572 1378 1,
597 1338 662 1379 32;
705 1340 812 1371 Dat..·
843 1335 1058 1379 compositio
1082 1337 1190 1371 rebus
1214 1337 1484 1371 accommodata
1507 1336 1553 1372 sit
1577 1339 1634 1381 10,

128 1382 165 1424 2,
191 1381 248 1418 13.
275 1391 355 1414 cum
376 1392 455 1415 vox
477 1382 657 1426 propriam
680 1382 756 1418 vim
780 1382 857 1416 reb.
884 1382 1028 1425 adjiciat
1054 1384 1110 1425 11,
1135 1384 1170 1426 3,
1195 1383 1230 1418 9.
1264 1383 1475 1427 plerumque
1499 1394 1522 1417 o
1548 1383 1633 1418 tima

127 1426 237 1460 rebus
265 1428 462 1462 cohaerent
484 1429 526 1470 8,
563 1429 622 1463 Pr.
653 1431 710 1462 21.
745 1428 850 1473 parvi
879 1429 989 1473 pedes
1019 1426 1096 1463 vim
1127 1429 1318 1463 detrahunt
1349 1429 1497 1472 reb.‚9,
1552 1455 1563 1472 ,
1587 1429 1632 1473 65

128 1475 277 1506 Accus.:
308 1484 368 1507 res
393 1474 465 1508 cito
490 1474 671 1518 accepisse
697 1477 752 1517 12,
778 1475 813 1518 8,
838 1476 873 1509 3.
900 1473 1056 1508 intentio
1082 1485 1167 1517 prae
1193 1486 1234 1509 se
1256 1486 1316 1510 res
1339 1479 1421 1522 agat
1445 1477 1502 1517 10,
1520 1478 1556 1519 7,
1575 1478 1633 1510 10.

128 1518 283 1566 augendi
310 1531 370 1553 res
392 1520 650 1566 minuendique
673 1521 717 1563 8,
744 1521 788 1563 6,
814 1521 871 1556 75.
900 1531 961 1555 res
989 1530 1063 1554 non
1085 1520 1257 1555 viderunt
1285 1526 1346 1555 aut
1374 1531 1434 1556 eas
1457 1522 1635 1566 noneol-

125 1565 342 1602 locaverunt
367 1567 412 1607 8,
437 1567 497 1602 Pr.
523 1569 580 1602 17.
603 1578 634 1602 r.
660 1566 828 1602 invenire
857 1571 894 1600 et
921 1565 1112 1609 disponere
1137 1569 1202 1609 10,
1228 1569 1247 1600 1
1262 1592 1274 1610 ,
1301 1565 1335 1601 4.
1363 1567 1497 1601 docere
1518 1571 1556 1602 et
1576 1568 1637 1606 in-

126 1611 238 1658 figere
266 1612 394 1646 animis
418 1623 449 1646 r.
475 1613 518 1656 9,
541 1611 586 1655 4,
615 1613 694 1647 134.
718 1625 749 1647 r.
774 1613 883 1647 modo
910 1607 1071 1646 in'dicare
1095 1614 1164 1655 12,
1190 1614 1253 1656 10,
1277 1610 1334 1648 43.
1364 1610 1478 1656 cfiss,
1503 1616 1556 1657 1,
1573 1611 1636 1657 24.

129 1669 159 1692 r.
189 1658 347 1702 proponi
383 1658 540 1706 singulas
567 1660 610 1700 6,
638 1661 685 1702 3,
715 1662 777 1702 153
813 1660 915 1704 velut
949 1659 1026 1693 reb.
1057 1658 1219 1705 repetitis
1245 1661 1306 1703 12,
1335 1661 1383 1702 2,
1411 1659 1456 1702 9;
1494 1661 1633 1703 Abbi..-

129 1703 216 1749 quid
241 1704 484 1749 invidiosum,
516 1705 720 1741 favorabile
745 1714 807 1740 etc.
834 1705 880 1739 sit
902 1705 940 1739 in
964 1705 1072 1739 rebus
1099 1705 1142 1748 6,
1167 1708 1212 1749 1,
1238 1707 1293 1740 11.
1329 1704 1513 1740 occasioni
1537 1710 1574 1739 et
1595 1704 1635 1740 in
1693 1718 1699 1719 ⁷

126 1751 242 1832 rebus?3
260 1757 315 1786 est
342 1757 440 1786 tanta
463 1752 520 1788 vis
535 1778 546 1796 ,
574 1757 613 1786 ut
637 1760 699 1786 etc.
725 1752 748 1787 6
763 1778 774 1795 ,
799 1754 846 1796 3,
871 1753 928 1786 13.
963 1763 1046 1786 cum
1074 1750 1113 1785 in
1139 1763 1170 1785 r.
1199 1761 1389 1787 versemur
1420 1750 1548 1786 iisdem
1575 1753 1634 1796 10,

159 1822 219 1887 ’γ)
246 1856 275 1877 c.
304 1845 550 1887 contrapositis.
595 1843 637 1886 a)
665 1854 807 1878 sonus
830 1842 868 1877 in
896 1843 1062 1878 oratione
1094 1842 1198 1884 varie
1222 1853 1290 1888 pro
1322 1853 1407 1878 rer.
1434 1844 1546 1879 modo
1569 1844 1633 1878 ad-

123 1889 272 1924 hibetur
294 1890 327 1932 1⁷,
352 1892 409 1933 10,
433 1892 491 1924 23.
518 1900 590 1935 quo
613 1890 731 1924 minus
756 1891 903 1933 adjuvat
927 1901 1043 1924 serm
1055 1899 1091 1933 ο,
1117 1900 1208 1924 rer.
1235 1889 1447 1925 inventione
1469 1901 1634 1938 pugnan-

125 1936 211 1969 dum
237 1941 291 1969 est
320 1939 378 1980 12,
407 1938 464 1979 10,
489 1937 549 1972 36.
585 1937 752 1982 quotiens
775 1936 1077 1980 pulchritudinem
1099 1946 1190 1970 rer.
1214 1935 1358 1970 claritas
1384 1936 1632 1970 orationis

124 1981 301 2029 illuminat
324 1985 371 2025 2,
398 1983 468 2026 16,
493 1985 551 2018 10.
592 1995 627 2016 υ.
652 1983 836 2018 Oratio.
872 1983 1040 2016 Latinum
1069 1981 1137 2016 rei
1161 1991 1330 2016 nomen
1359 1992 1435 2016 non
1459 1983 1632 2016 habemus

124 2030 160 2072 3,
185 2029 220 2071 6,
249 2029 306 2064 97.
332 2029 423 2063 haec
449 2030 527 2063 ead.
554 2039 688 2076 genera
714 2028 938 2063 commodius
962 2029 1001 2062 in
1026 2028 1122 2062 reb.
1156 2039 1262 2072 quam
1289 2028 1327 2062 in
1350 2027 1653 2063 nominibus‘

123 2076 345 2118 respondent
373 2076 413 2116 6,
438 2077 480 2116 3,
509 2074 564 2111 54.
602 2086 649 2110 ne
672 2075 738 2109 ulli
760 2076 836 2110 rei
862 2085 1032 2109 nomen
1056 2075 1182 2108 deesse
1205 2073 1371 2110 videatur
1398 2076 1438 2118 8,
1461 2076 1508 2117 6,
1532 2077 1566 2109 5.
1595 2086 1629 2111 v.

123 2122 323 2163 Nomen;
366 2122 484 2156 omnis
519 2132 639 2156 sermo
675 2122 807 2156 habeat
834 2133 984 2156 necesse
1016 2125 1070 2156 est
1103 2131 1197 2154 rem
1234 2126 1271 2154 et
1294 2121 1443 2156 verba
1467 2123 1506 2163 3,
1530 2123 1573 2162 3,
1599 2123 1631 2154 1.

122 2168 383 2202 verborum
409 2168 658 2203 moderatione
683 2167 822 2202 detrahi
850 2169 961 2211 solet,
992 2167 1022 2201 si
1055 2177 1125 2210 qua
1157 2172 1211 2200 est
1238 2166 1310 2200 rei
1342 2166 1479 2212 invidia
1503 2169 1566 2210 11,
1596 2171 1628 2210 1,

124 2215 182 2247 90.
214 2225 293 2247 cum
319 2213 435 2248 estin
460 2225 512 2249 re
537 2233 579 2239 -
599 2226 681 2249 cnm
706 2220 762 2249 est
784 2214 822 2248 in
845 2214 996 2250 verbo
1021 2212 1176 2256 (figura)
1195 2215 1230 2256 9,
1248 2214 1283 2256 3,
1301 2213 1360 2248 88.
1387 2212 1630 2248 cum.verba

123 2258 199 2301 ipsa
223 2271 372 2294 rerum
397 2260 510 2307 gratia
537 2260 609 2295 sint
634 2266 777 2305 reperta
802 2262 848 2301 8,
873 2261 933 2294 Pr.
956 2262 1013 2295 32.
1046 2269 1134 2292 rer.
1173 2270 1214 2292 ac
1239 2259 1503 2294 verborum
1539 2268 1629 2293 con-

120 2310 261 2339 textum
284 2306 387 2350 sequi
418 2309 483 2350 11,
506 2310 551 2350 2,
579 2310 614 2341 2.
648 2306 853 2341 beatissima
875 2317 963 2340 rer.
995 2305 1338 2350 verborumque
1363 2304 1468 2349 copia
1497 2305 1562 2347 10,
1592 2308 1626 2347 1,

123 2350 181 2384 61.
211 2351 256 2392 cf.
281 2354 313 2386 5.
342 2354 502 2387 delectus
524 2364 616 2386 rer.
644 2355 982 2397 verborumque
1006 2353 1063 2393 10,
1090 2353 1122 2394 3,
1150 2352 1183 2386 5.
1209 2361 1284 2384 non
1307 2361 1396 2389 rer,
1423 2351 1534 2385 modo
1562 2351 1627 2386 sed

123 2396 229 2430 etiam
253 2399 519 2433 verborum
544 2394 711 2433 ordinem⁴
734 2401 801 2442 11,
829 2401 873 2440 2,
896 2400 931 2433 8.
968 2408 1088 2431 curam
1117 2398 1401 2439 verborum,
1430 2407 1523 2431 rer.
1548 2408 1628 2432 esse

123 2442 388 2478 solicitudinem
412 2446 452 2488 8,
478 2447 537 2479 Pr.
563 2448 621 2479 20.
647 2444 736 2479 nihil
759 2447 850 2478 haec
870 2443 1027 2488 (verba)
1055 2443 1132 2477 sine
1158 2455 1246 2479 rer.
1273 2443 1470 2477 substantia
1492 2442 1628 2487 faciunt

123 2490 158 2528 2,
181 2491 240 2531 21,
265 2493 282 2523 1
306 2492 353 2525 Ν.
382 2502 467 2529 rer,
493 2490 639 2525 nimiam
661 2491 868 2526 tenuitatem
891 2489 1102 2524 fortioribus
1127 2490 1289 2525 verbis
1314 2489 1542 2535 miscebimus
1556 2490 1625 2540 112,

124 2535 190 2575 10,
219 2536 280 2576 353
315 2538 463 2570 verba
494 2538 590 2572 reb.
625 2537 759 2582 aptabit
781 2538 822 2578 8,
845 2539 890 2580 3,
922 2539 980 2572 30.
1017 2537 1110 2571 reb.
1145 2537 1327 2571 atrocibus
1354 2536 1494 2571 verba
1517 2538 1623 2568 etiam

122 2577 203 2622 ipso
235 2580 356 2614 auditu
385 2583 496 2630 magis
529 2594 654 2628 aspera
686 2582 907 2619 convenient
929 2583 972 2625 8,
999 2584 1044 2626 3,
1072 2585 1126 2618 17.
1154 2594 1229 2616 res
1253 2594 1294 2616 ac
1318 2582 1465 2616 verba
1487 2590 1623 2614 conne-

122 2629 220 2658 ctere
246 2628 289 2667 2,
314 2626 350 2668 4,
377 2631 431 2662 15.
462 2635 499 2662 ut
524 2641 602 2664 res
626 2635 870 2675 proponatur,
896 2629 1044 2664 verba
1073 2639 1147 2662 non
1170 2628 1418 2673 periclitentur
1439 2627 1475 2667 7,
1503 2625 1538 2668 3,
1567 2629 1620 2660 17.

123 2681 196 2704 res
225 2670 332 2713 ipsas,
358 2685 447 2717 quae
476 2676 539 2709 illo
563 2675 815 2711 verborum
838 2675 962 2709 habitu
984 2675 1187 2713 vestiiuitur
1204 2676 1240 2715 8,
1264 2675 1320 2707 Pr.
1341 2674 1397 2706 20.
1424 2682 1502 2704 cum
1520 2681 1623 2715 pror·
1647 2683 1650 2686 ·

122 2727 182 2749 sus
219 2717 315 2750 reb.
349 2719 436 2762 ipsis
468 2715 682 2763 adjuvantur
706 2720 856 2766 (verba)
879 2723 922 2764 6,
949 2723 995 2765 3,
1029 2719 1088 2755 48.
1117 2726 1159 2764 ,εἴ
1189 2731 1237 2753 re
1250 2712 1284 2754 b.
1315 2717 1355 2750 fit
1388 2722 1424 2751 et
1457 2717 1621 2752 verbis

122 2758 336 2806 (ὖπέθβῡλῆ)
361 2766 402 2805 9,
429 2767 445 2797 1
461 2791 471 2807 ‚
498 2767 531 2800 5.
560 2767 594 2800 ei
618 2767 675 2802 vis
700 2767 816 2801 omnis
840 2766 1059 2801 intendenda
1081 2777 1130 2800 re
1142 2766 1189 2808 b.‚
1215 2769 1251 2798 et
1276 2763 1314 2797 in
1335 2762 1537 2806 praesentia
1560 2774 1621 2798 re-

122 2807 334 2841 mittendum
359 2809 493 2853 aliquid
518 2822 565 2845 ex
588 2823 675 2846 cura
706 2813 953 2848 verborum
985 2813 1050 2852 10,
1075 2815 1117 2853 7,
1141 2813 1198 2844 22.
1231 2809 1269 2844 in
1297 2809 1389 2844 reb.
1413 2809 1620 2849 intuendam

122 2853 390 2898 inventionem,
419 2855 455 2889 in
482 2857 657 2891 verbis
683 2858 923 2893 elocutionem
948 2858 991 2900 8,
1016 2856 1074 2890 Pr.
1097 2856 1130 2892 6,
1161 2856 1326 2890 Socrates
1354 2865 1411 2899 ap.
1436 2855 1619 2890 Platonem
