1742 2964
201 180 315 222 1022*

243 293 412 330 Tiberius
436 293 570 330 Caesar
594 296 637 329 ib.
676 293 860 339 Appellati
883 294 927 329 ab

242 365 288 390 eo
317 353 525 388 Theodorei
564 355 607 397 3,
642 356 686 397 1,
717 355 774 389 18.
821 355 928 388 Plura

241 414 384 459 scripsit
407 416 452 448 ib.
487 414 574 458 Ejus
603 413 803 448 auditorem
829 414 927 447 Her-

240 484 424 521 magoram
470 479 553 508 sunt
598 473 659 518 qui
701 472 859 507 viderint
882 474 926 511 ib.

240 533 364 569 Verba
391 542 539 577 eorum,
564 532 633 578 qui-
649 540 831 577 praecepta
855 532 928 577 ejus

241 604 291 628 ex
323 593 464 627 Graeco
498 593 753 627 transtulemnt
788 594 832 635 2,
867 591 926 636 15,

239 655 308 695 21;
349 651 395 693 cs.
419 653 557 696 2,15‚
585 653 638 688 16.
671 654 717 696 3,
741 652 783 696 6,
806 654 841 686 2.
867 650 926 686 35.

241 712 297 747 50.
333 713 378 755 3,
405 715 473 757 11,
498 714 532 748 3.
570 713 629 748 26.
663 710 709 756 4,
734 714 778 756 1,
807 713 864 746 23.
891 712 925 755 5,

242 773 300 815 13,
328 773 385 807 59.

195 829 495 874 Theodorei,
522 828 710 864 Theodori
731 830 867 864 schola.
890 831 926 873 2,

242 892 299 933 11,
325 892 358 923 2.
382 892 423 933 3,
451 891 490 933 3,
515 890 552 925 8.
579 891 621 933 3,
650 893 713 933 11,
738 890 794 924 26.
821 888 866 932 4,
889 891 927 932 2,

241 950 300 984 32.
346 949 523 984 Diversas
565 950 609 982 ab
644 947 927 993 Appollodoreis

239 1007 429 1053 opiniones
454 1008 557 1042 secuti
582 1014 657 1040 sunt
682 1009 716 1050 3,
745 1012 776 1050 1,
804 1008 857 1042 18.

193 1069 261 1104 Th
273 1079 293 1102 e
303 1078 325 1102 o
338 1069 361 1101 d
374 1074 452 1102 otu
463 1079 492 1101 s.
515 1069 732 1112 paedagogus
744 1067 927 1100 Ptolemaei

242 1130 406 1171 Dionysi.-
436 1128 480 1161 de
508 1127 585 1170 ejus
608 1137 724 1170 poena
744 1127 928 1160 consulta-

240 1187 291 1221 tio
315 1188 555 1220 declamamria
578 1188 612 1229 3,
637 1189 672 1229 8,
698 1186 742 1220 55
767 1187 813 1220 N.
833 1198 903 1231 sqq.

195 1248 375 1282 Theon.
405 1248 515 1279 rhetor
538 1248 584 1289 3,
611 1246 658 1288 6,
682 1243 740 1279 47.

192 1323 240 1332 ·-
267 1305 420 1340 Samius.
450 1308 574 1348 pictor,
601 1303 844 1347 concipiendis
867 1302 928 1338 vi-

241 1364 402 1399 sionibus
417 1362 738 1407 praestantissimus
752 1365 806 1405 12,
823 1364 879 1404 10,
891 1362 926 1396 6.

194 1424 527 1468 Theophrastu
541 1433 572 1457 s,
592 1423 818 1466 philosophus,
839 1420 926 1454 Ari-

241 1482 379 1518 stotelis
412 1482 607 1526 discipulus
639 1483 682 1523 3,
706 1482 750 1522 1,
781 1480 847 1518 15.
880 1480 925 1514 de

239 1541 433 1576 Rhetorice
474 1541 663 1588 diligenter
699 1538 840 1583 scripsit
879 1541 924 1573 ib.

239 1605 297 1648 qui
322 1604 403 1636 liber
427 1602 550 1635 citatur
574 1601 608 1642 3,
635 1603 670 1641 7,
698 1602 731 1632 1.
757 1601 792 1641 3,
809 1599 844 1641 8,
866 1599 924 1633 62.

240 1661 277 1705 4,
304 1663 337 1703 1,
359 1662 418 1694 32.
444 1660 479 1703 9,
504 1658 542 1703 4,
569 1660 626 1693 88.
669 1658 821 1692 Secutus
839 1657 927 1692 Ari-

240 1720 404 1755 stotelem
430 1721 466 1762 3,
490 1722 524 1762 7,
548 1720 578 1752 1.
611 1719 645 1760 3,
669 1718 704 1760 8,
732 1717 789 1756 62.
837 1716 926 1751 Dis-

240 1779 373 1814 sentire
407 1778 450 1811 ab
474 1777 670 1812 Aristotele
700 1787 774 1811 non
801 1776 925 1811 timide

240 1840 334 1873 solet
357 1840 401 1871 ib.
440 1839 483 1870 In
507 1847 552 1870 eo
578 1842 650 1870 tam
677 1842 730 1870 est
753 1836 926 1880 loquendi

239 1897 337 1931 nitor
359 1897 421 1930 ille
450 1896 613 1938 divinus,
649 1901 687 1929 ut
713 1907 761 1930 ex
787 1906 831 1930 eo
856 1906 926 1929 no-

237 1967 322 1992 men
353 1966 495 2000 quoque
520 1954 674 1989 traxisse
705 1955 842 1989 dicatur
866 1957 923 1999 10,

239 2019 275 2060 1,
299 2018 357 2051 83.
391 2015 511 2050 Attica
536 2025 625 2048 anus
650 2016 827 2057 eundem,
854 2015 924 2048 ho-

237 2076 371 2111 minem
393 2075 526 2119 alioqui
546 2074 835 2117 disertissimum,
860 2084 925 2107 an-

239 2141 362 2170 notata
393 2135 498 2168 unius
538 2133 763 2167 affectatione
805 2133 922 2175 verbi,

239 2196 419 2239 hospitem
454 2193 564 2227 dixit:
605 2204 673 2226 nec
707 2192 778 2226 alio
812 2203 851 2225 se
884 2191 922 2225 id

239 2254 517 2298 deprehendisse
536 2252 753 2298 interrogata
771 2261 923 2294 respon-

239 2313 310 2355 dit,
348 2325 452 2358 quam
486 2312 582 2356 quod
618 2311 765 2344 nimium
800 2309 922 2344 Attice

237 2374 448 2417 loqueretur
483 2372 526 2415 8,
567 2374 608 2414 1,
641 2373 675 2404 2.
725 2369 921 2403 Plurimum

238 2431 325 2465 dicit
355 2429 487 2465 oratori
525 2430 693 2464 conferre
729 2429 922 2463 lectionem

237 2497 423 2534 poetarum
447 2492 512 2532 10,
539 2491 579 2532 1,
607 2491 667 2525 27.

193 2550 327 2583 Theo
342 2558 551 2594 pompus.
591 2548 784 2588 historicus,
819 2549 921 2579 ante-

240 2619 345 2651 quam
374 2613 427 2642 est
453 2608 495 2642 ad
521 2607 590 2640 hoc
625 2615 714 2649 opus
739 2605 920 2648 (historiae

239 2667 455 2707 scribendae)
490 2665 716 2704 sollicitatus,
763 2663 822 2696 <liu
853 2662 921 2696 fuit

239 2729 360 2757 orator
391 2727 447 2766 10,
473 2728 505 2768 1,
534 2725 591 2760 74.
624 2726 791 2758 Judicium
816 2724 858 2756 de
882 2734 919 2755 eo

238 2785 281 2818 ib.
321 2782 361 2816 Ei
388 2782 499 2818 frenis
524 2794 613 2828 opus
637 2793 716 2819 esse
735 2781 825 2817 dixit
845 2783 921 2817 Iso-

589 177 727 221 Index
764 175 1000 223 Nominum
1037 178 1328 238 Propi-iorum.

1038 300 1155 331 crates
1181 297 1298 342 2,*8,
1327 299 1385 333 11.
1428 297 1585 351 'Nimius
1610 297 1649 335 in
1679 311 1723 336 ea

1040 366 1145 400 cura,
1168 369 1237 402 qua
1260 370 1439 394 concur-sue
1460 361 1610 393 insuavis
1634 361 1722 394 litte-

1041 427 1155 449 mrum
1179 418 1328 461 vitatur,
1351 417 1486 463 fuit-9,
1508 417 1545 463 4,
1573 419 1632 454 35.

995 473 1351 520 Theopompus.
1404 476 1725 522 Lacedaemonius,

1042 535 1099 579 qui
1121 540 1321 579 permutato
1343 543 1427 571 cum
1447 547 1565 572 uxore
1588 537 1725 580 habitu,

1039 603 1061 627 e
1084 593 1245 627 custodia
1266 599 1308 628 ut
1319 594 1448 631 mulier
1465 595 1583 633 evasit
1603 598 1640 640 2,
1665 598 1724 640 17,

1037 653 1084 685 20
1102 652 1149 686 Ν.

993 709 1272 767 Τὴετεὶῐεε,
1307 712 1471 757 corporis
1506 712 1600 747 mala
1619 697 1726 747 'con-s

1037 775 1185 804 temtum
1225 771 1419 805 attulerunt
1460 770 1651 806 Thersitae
1687 773 1723 815 3,

1038 832 1074 873 7,
1093 831 1136 866 19
1152 831 1199 865 N.
1223 831 1337 866 verba
1361 831 1444 867 adv.
1477 829 1724 877 Agamemno-

1039 900 1123 923 nem
1157 890 1200 924 ab
1238 902 1276 924 eo
1315 889 1436 925 habita
1470 889 1634 924 ridentur
1665 891 1723 932 11,

1041 952 1058 983 1
1070 975 1081 992 ,
1109 951 1167 984 37.

993 1008 1060 1043 'rh
1074 1020 1094 1043 e
1104 1019 1120 1043 s
1133 1019 1150 1042 s
1162 1008 1280 1042 alus.
1314 1013 1458 1042 centum
1485 1009 1619 1042 talenta
1641 1019 1724 1042 mu-

1039 1073 1101 1103 tua
1135 1067 1319 1102 Thessalis
1356 1067 1499 1102 dedisse
1529 1067 1724 1102 Thebanos

1041 1128 1076 1171 5,
1102 1130 1156 1171 10,
1187 1130 1265 1161 111.
1366 1152 1380 1169 χ
1618 1159 1626 1170 ,,

995 1188 1028 1222 Τ
1041 1189 1066 1221 h
1078 1198 1098 1221 e
1110 1192 1126 1221 t
1138 1186 1149 1220 i
1162 1198 1190 1221 s.
1217 1185 1432 1221 exThetide
1445 1191 1549 1222 natus
1566 1188 1603 1232 3,
1613 1190 1648 1230 7,
1663 1188 1720 1222 11.

994 1247 1345 1290 Thrasybulus.
1400 1257 1447 1280 an
1493 1245 1724 1290 Thrasybulo

1037 1306 1182 1353 triginta
1207 1304 1366 1350 praemia
1396 1305 1592 1340 debeantur
1620 1307 1663 1348 3,
1685 1305 1723 1350 6,

1039 1365 1097 1398 26.
1128 1368 1162 1406 7,
1187 1363 1222 1406 4,
1244 1362 1303 1397 44.

991 1421 1026 1456 T
1039 1422 1063 1455 h
1073 1433 1093 1455 r
1105 1432 1149 1455 as
1159 1433 1185 1466 y
1195 1432 1230 1454 m
1241 1432 1260 1455 a
1274 1433 1294 1455 c
1305 1422 1387 1456 hus
1445 1421 1722 1458 Chalcedonius.

1038 1482 1074 1524 3,
1098 1482 1133 1524 3,
1163 1478 1198 1514 4.
1225 1491 1305 1514 cum
1328 1479 1460 1528 Gorgia
1482 1482 1604 1518 fl'oruit
1626 1485 1661 1526 3,
1685 1486 1720 1528 1,

1040 1541 1097 1574 10.
1144 1542 1186 1573 In
1210 1541 1250 1572 iis
1274 1546 1342 1582 est,
1368 1542 1424 1584 qui
1445 1540 1551 1585 primi
1574 1541 1722 1576 affectus

1038 1605 1209 1634 tractasse
1232 1597 1399 1632 dicuntur
1423 1601 1468 1633 ib.
1498 1602 1553 1634 12.
1591 1599 1650 1635 Ab
1674 1603 1721 1636 eo'

1037 1660 1158 1693 Paeon
1182 1658 1351 1693 inventus
1375 1663 1430 1693 est
1450 1659 1495 1702 9,
1522 1657 1567 1703 4,
1592 1660 1650 1694 87.

992 1717 1264 1758 Thriasius,
1297 1717 1457 1761 Oedipus
1480 1718 1517 1762 9,
1542 1720 1576 1762 3,
1600 1719 1647 1755 89
1669 1719 1719 1754 Ν.

993 1777 1324 1821 Thucydides.
1346 1778 1522 1814 historicus
1538 1765 1718 1821 1o,1,74[.

1039 1839 1096 1880 10,
1119 1839 1154 1876 2,
1180 1839 1236 1870 17.
1267 1838 1447 1871 natm-ae
1465 1850 1504 1870 eo
1525 1839 1583 1881 10,
1605 1839 1637 1881 1,
1662 1832 1731 1874 73.

1036 1895 1080 1930 Ei
1104 1906 1287 1940 opponere
1322 1895 1527 1930 Sallustium
1554 1907 1628 1931 non
1651 1909 1721 1937 ze-

1034 1965 1117 1989 rear
1141 1956 1197 1997 10,
1223 1957 1256 1997 1,
1283 1957 1359 1989 101.
1391 1955 1444 1989 M.
1458 1955 1600 1990 Tullius
1617 1957 1716 1991 illum

1034 2024 1110 2048 non
1137 2019 1235 2058 putat
1267 2013 1391 2049 utilem
1425 2014 1578 2056 oratori,
1602 2027 1719 2061 quan-

1037 2085 1141 2119 quam
1190 2074 1327 2106 eundem
1374 2073 1543 2107 bellicum
1586 2086 1718 2111 canere

1036 2132 1217 2168 existimet
1242 2134 1306 2174 10,
1330 2133 1371 2174 1,
1398 2133 1455 2166 33.
1512 2135 1570 2168 An
1592 2146 1717 2179 parum

1036 2192 1213 2226 studiosus
1249 2190 1518 2235 compositionis
1549 2193 1658 2227 fuerit
1680 2195 1716 2238 9,

1034 2250 1069 2294 4,
1095 2252 1149 2284 16.
1175 2253 1228 2283 Ex
1247 2262 1285 2283 eo
1309 2253 1493 2293 exemplum
1515 2252 1716 2288 mollissimi

1033 2310 1283 2354 rhythmorum
1303 2309 1444 2355 generis
1466 2309 1502 2353 6,
1523 2308 1560 2354 ’4,
1583 2312 1640 2347 78.
1667 2311 1715 2354 cd:

1033 2362 1213 2402 Philistus.
1531 2404 1535 2407 ,
1627 2359 1638 2369 ³

987 2446 1035 2454 --
1058 2427 1263 2461 Britannus.
1287 2414 1433 2471 Epigssr.
1462 2429 1586 2471 Virg.
1612 2428 1648 2473 8,
1676 2430 1714 2474 3,

1034 2489 1080 2521 28
1102 2488 1150 2521 N.

987 2545 1242 2580 Thurinus
1265 2555 1352 2592 ager
1379 2542 1422 2588 4,
1448 2546 1485 2588 2,
1510 2546 1575 2580 131
1602 2547 1639 2581 S.

987 2607 1052 2640 Th
1066 2616 1148 2650 yes
1163 2611 1246 2646 tes,
1273 2605 1455 2652 tragoedia
1481 2606 1515 2648 1,
1539 2604 1574 2648 5,
1598 2605 1643 2638 52
1662 2604 1712 2639 Ν.

1032 2684 1076 2691 -
1101 2663 1201 2698 Varii
1229 2667 1284 2707 10,
1311 2667 1343 2707 1,
1368 2664 1426 2698 98.

988 2722 1224 2758 Tiberius
1275 2722 1419 2757 Caesar.
1480 2721 1713 2756 Theodorum

1034 2783 1235 2818 Gadareum
1247 2780 1362 2816 Rhodi
1379 2779 1539 2816 studiose
1559 2780 1713 2824 audisse,
