1728 3002
162 201 215 239 16
707 195 885 237 Activus
914 219 969 226 -
997 193 1131 236 Actus

207 312 266 354 10,
289 312 323 345 3.
351 313 406 345 11.
433 308 627 344 laboratam
650 314 924 356 congestamque
949 307 1087 343 dierum
1110 319 1151 341 ac
1179 306 1338 342 noctium
1360 306 1480 342 studio
1502 308 1682 361 actionem

205 368 297 402 aqua
323 355 443 390 deficit
467 358 524 398 12,
549 356 585 397 6,
609 356 641 390 5.
677 354 828 388 oratoris
853 365 997 389 omnem
1028 353 1205 388 actionem
1232 352 1404 401 opinione
1434 364 1510 406 non
1531 353 1681 389 scienna

205 402 382 437 contineri
406 404 439 443 2,
458 403 515 444 17,
539 401 595 435 36.
620 400 737 435 differt
760 400 852 434 actio
876 399 1018 435 actione
1042 403 1099 443 12,
1126 402 1183 442 10,
1207 402 1239 434 1.
1265 399 1306 434 ἰιι
1326 400 1366 434 10
1416 399 1427 407 ’
1465 399 1545 435 nmis
1567 400 1681 436 actio-

204 449 309 483 nibus
339 448 438 492 prius
468 445 634 481 audiendi
659 445 851 490 patientia,
886 457 993 492 quam
1015 445 1208 481 memoriae
1232 445 1322 480 fides
1347 445 1394 480 de
1420 444 1471 480 cit
1494 447 1552 488 11,
1579 449 1618 498 2,
1643 447 1681 481 8.

206 495 394 540 Quomodo
420 498 604 539 sequester
634 492 694 526 ille
720 507 764 517 —
790 491 971 537 impendet
1002 502 1117 537 aequo
1145 491 1264 526 animo
1296 491 1458 526 laborem
1482 491 1521 526 in
1546 492 1700 547 ahenas,

203 540 381 583 actiones,
411 550 493 573 cum
515 537 659 573 dicturis
685 537 774 572 tanti
799 549 886 573 suae
909 548 984 574 non
1008 537 1107 572 sint?
1132 541 1191 583 12,
1213 539 1251 581 8,
1273 538 1307 573 4.
1682 565 1688 572 .

158 583 349 626 Activus.
378 594 415 630 hi
445 594 562 629 thesin
589 605 609 629 a
640 605 746 629 causa
771 595 824 629 sic
858 594 1098 642 distinguunt,
1130 601 1171 628 nt
1195 594 1259 629 ina
1288 595 1336 630 sit
1367 594 1682 639 spectativae

203 642 333 686 partis,
371 641 462 676 haec
492 640 689 676 activae
714 642 750 685 3,
783 642 818 684 5,
853 644 913 684 113
974 642 1104 676 Subst:
1142 641 1281 677 dicatur
1314 640 1435 678 activa
1472 641 1685 686 (rhetorice)

202 691 237 730 2,
266 689 321 731 18,
351 688 385 722 5.
1699 692 1728 720 ν’

158 735 301 774 Actor·
358 743 393 788 1)
416 746 473 790 qui
495 757 614 778 causas
637 746 722 786 ogit.-
761 744 803 787 α)
831 746 874 778 de
905 751 1043 790 utroque
1067 753 1202 788 agente:
1237 749 1339 781 actor
1364 753 1493 780 causae
1520 743 1557 788 4,
1585 747 1620 785 1,
1645 746 1698 779 7.Δ

201 789 239 823 in
267 789 393 835 quibus
420 789 563 835 (causis)
588 795 708 833 actor,
743 800 819 824 non
845 789 1018 834 (1100,ιεί
1044 791 1141 826 circa
1167 802 1322 827 summas
1347 790 1522 836 trepidat,
1562 791 1626 826 sed
1653 789 1685 824 si

201 835 389 882 digitorum
414 836 538 870 saltem
566 835 705 871 incerto
736 841 796 870 aut
829 836 1002 871 indecoro
1030 843 1133 885 gestu
1160 850 1182 873 a
1208 836 1476 884 computatione
1507 835 1683 884 dissentit,

198 881 372 925 judicatur
401 881 565 916 indoctus
590 885 624 925 1,
651 884 706 925 10,
733 883 790 918 35.
825 881 986 918 infirmus
1019 889 1087 918 act.
1113 884 1150 927 6,
1176 887 1209 926 1,
1231 883 1291 919 44.
1328 889 1471 919 actores
1495 893 1684 919 causarum

198 927 405 974 impugnant
432 947 474 953 —-
507 926 703 962 defendunt
733 930 778 972 2,
803 930 860 972 17,
886 928 944 963 40.
981 940 1088 975 quem
1115 935 1217 965 actor
1250 929 1387 976 optime
1413 935 1556 964 tueatur
1585 930 1622 972 3,
1646 929 1684 972 6,

197 974 257 1008 92.
295 984 368 1007 non
395 972 489 1008 enim
517 984 661 1008 causa
692 974 966 1017 reprehenditur
996 977 1060 1010 sed
1095 982 1231 1011 actor
1267 977 1311 1020 5,
1337 977 1394 1020 13,
1422 977 1481 1011 37.
1507 973 1685 1009 -Athenis

199 1024 301 1052 actor
320 1029 469 1053 movere
497 1019 642 1053 affectus
672 1021 860 1054 vetabatur
886 1022 922 1064 2,
949 1021 1007 1064 16,
1031 1020 1056 1055 4
1077 1021 1127 1056 N.
1160 1023 1260 1070 leges
1282 1022 1383 1067 ipsae
1409 1020 1499 1056 nihil
1522 1021 1684 1063 valeant,

197 1063 267 1097 nisi
303 1064 432 1110 actoris
463 1063 594 1098 idonea
624 1075 718 1100 voce
752 1064 909 1099 munitae
943 1068 998 1109 12,
1029 1068 1066 1110 7,
1091 1070 1124 1101 1.
1165 1068 1278 1112 sapiat
1310 1072 1454 1113 oportet
1488 1071 1612 1110 actor,
1639 1072 1684 1101 'et

197 1109 324 1156 vigilet
352 1117 412 1144 etc.
441 1113 463 1145 7
490 1111 548 1144 Pr.
577 1109 611 1143 4.
645 1120 719 1144 non
746 1116 933 1145 actores
959 1113 1068 1146 modo
1097 1114 1162 1147 sed
1186 1120 1537 1158 praeceptores
1574 1111 1684 1147 etiam

197 1155 345 1190 invenio
358 1180 369 1199 ,
403 1155 463 1200 qui
490 1157 637 1191 brevem
662 1156 804 1190 dicendi
835 1156 1130 1191 exercitationem
1158 1159 1343 1193 consecuti
1364 1155 1623 1194 tumultuentur
1646 1161 1684 1201 2,

200 1204 257 1243 12,
283 1204 338 1235 11.
373 1203 480 1236 finem
508 1213 587 1236 esse
614 1202 833 1245 rhetorices,
869 1203 1000 1237 ducere
1024 1203 1188 1238 homines
1211 1204 1250 1238 in
1275 1204 1334 1248 id,
1367 1205 1464 1250 quod
1489 1209 1592 1239 actor
1615 1215 1690 1246 ve··,

197 1247 239 1281 lit
267 1250 304 1290 2,
337 1249 394 1289 15,
426 1250 495 1290 103
556 1249 640 1281 dum
672 1247 802 1282 actoris
838 1253 1020 1292 captamus
1048 1249 1260 1297 elegantiam
1293 1251 1336 1292 (i.
1364 1263 1397 1296 q.
1425 1253 1691 1294 declamata*-

197 1292 269 1334 ris)
297 1295 354 1335 11,
378 1295 412 1334 3,
442 1290 520 1328 184.
581 1292 627 1339 β)
653 1296 865 1338 peculiariter
896 1296 938 1328 cle
970 1302 1186 1330 accusatore.-
1219 1294 1259 1340 4,
1286 1299 1322 1339 2,
1351 1296 1375 1331 6
1398 1296 1447 1331 M
1480 1309 1559 1341 opp.
1585 1308 1680 1338 reo:

198 1341 234 1377 7.
257 1339 299 1381 6,
327 1341 361 1372 2.
390 1341 426 1381 7,
455 1341 495 1381 1,
524 1340 579 1373 10.
611 1342 665 1373 11.
703 1339 833 1374 accidit
858 1339 1048 1384 aliquando
1077 1341 1180 1376 alteri
1207 1340 1438 1386 (litigatori),
1471 1348 1509 1377 et
1541 1341 1699 1388 saepius.

196 1384 242 1418 ab
267 1390 388 1418 actore
413 1388 449 1427 7,
477 1386 512 1427 3,
537 1387 595 1418 22.
630 1391 701 1419 tam
726 1386 770 1419 ab
805 1391 972 1421 actore
996 1398 1103 1431 quam
1131 1399 1152 1422 a
1179 1398 1466 1432 possessore
1492 1388 1534 1431 (i.
1561 1401 1592 1431 ε,
1613 1388 1689 1434 ἅδε-,έν

193 1429 400 1473 sensere)
424 1433 460 1473 7,
486 1433 519 1473 1,
544 1431 589 1465 38
610 1432 659 1464 N.
695 1431 732 1464 id
766 1432 837 1475 jam
862 1431 1043 1467 indicis
1073 1439 1146 1478 est,
1173 1444 1249 1469 non
1279 1433 1462 1469 actoris
1490 1434 1549 1478 11,
1574 1435 1609 1479 1,
1635 1435 1679 1470 81

197 1477 246 1509 N.
275 1482 375 1509 actor
398 1475 436 1509 in
461 1486 525 1518 eo,
567 1478 663 1520 quod
691 1478 825 1515 factum
851 1483 927 1520 est,
962 1478 1115 1513 liberum
1147 1481 1257 1514 habet
1281 1480 1454 1525 impetum
1487 1483 1524 1525 7,
1555 1477 1593 1525 4,
1618 1481 1680 1515 30.

196 1521 249 1565 ll)
274 1524 330 1566 qui
346 1521 487 1563 fabulas
512 1525 598 1564 agit.-
625 1523 775 1557 scenicis
802 1524 981 1558 actoribus
1009 1527 1134 1560 eadem
1155 1537 1233 1562 vox
1259 1542 1304 1553 —
1327 1527 1501 1571 plussub
1526 1536 1698 1571 persona.

196 1568 294 1602 valet
316 1567 351 1609 6,
380 1570 412 1608 1,
435 1567 492 1601 26.
521 1567 565 1609 cf.
592 1571 648 1612 11,
676 1571 709 1609 3,
732 1568 765 1602 4.
791 1576 930 1604 actores
960 1571 1089 1606 comici
1114 1574 1149 1614 2,
1173 1575 1230 1617 10,
1259 1574 1314 1607 13.
1337 1572 1516 1607 maximos
1539 1578 1682 1614 actores

197 1613 483 1656 comoediarum,
517 1614 740 1648 Demetrium
775 1621 810 1650 et
837 1615 1035 1651 Stratoclea
1069 1620 1126 1661 11,
1154 1620 1190 1662 3,
1224 1619 1304 1654 178.
1343 1617 1388 1660 cs.
1415 1620 1452 1663 3,
1477 1619 1514 1662 8,
1548 1619 1606 1655 51.
1641 1616 1682 1652 id

195 1660 385 1693 ostendere
406 1658 562 1694 maxime
588 1661 679 1694 latus
703 1661 879 1695 actoribus
903 1661 1198 1706 (comoediarum)
1221 1663 1334 1699 moris
1353 1670 1437 1708 -est,
1478 1665 1575 1710 quod
1598 1675 1681 1699 uum

193 1705 261 1747 iis,
301 1716 387 1749 quas
414 1711 542 1752 agunt,
570 1706 727 1749 partibus
751 1714 923 1754 congruat
950 1711 1007 1752 11,
1033 1709 1153 1752 3,,74.
1207 1710 1280 1745 Hic
1306 1709 1367 1755 (in
1389 1712 1513 1751 scena)
1539 1709 1680 1745 dubita-

193 1749 301 1784 tionis
327 1761 467 1794 moras,
499 1752 602 1787 vocis
628 1753 763 1797 flexus,
794 1753 913 1789 varias
938 1765 1088 1800 manus,
1126 1755 1294 1797 diversos,
1314 1762 1422 1791 nutus
1447 1761 1548 1793 actor
1577 1755 1707 1790 adhi-·

193 1796 294 1830 bebit
318 1798 362 1830 ib.
392 1798 471 1835 182.

148 1840 316 1885 Actum.
357 1853 523 1888 Herculis
552 1859 630 1889 acta
662 1857 722 1898 10,
751 1857 794 1899 1,
819 1855 879 1892 56.
902 1877 949 1884 -—-
974 1858 1149 1903 pueritiae
1179 1857 1366 1894 recordari
1389 1859 1446 1900 11,
1470 1860 1507 1902 2,
1533 1857 1569 1894 6.
1607 1858 1681 1903 jam

192 1900 377 1945 vulgattun
403 1899 489 1934 actis
516 1911 656 1946 quoque
689 1901 729 1946 (i.
756 1914 786 1935 e.
810 1905 967 1948 publicis)
991 1906 1026 1948 9,
1052 1907 1087 1948 3,
1113 1909 1156 1940 17
1183 1905 1234 1940 Ν.
1327 1902 1337 1909 Χ

145 1942 293 1986 Actus·
351 1954 382 1999 Ι)
409 1963 515 1990 motus
538 1960 638 1990 animi
666 1965 696 1991 et
724 1962 870 2002 corporis
893 1963 927 1994 in
955 1964 1104 2004 agendot
1142 1962 1188 1996 ab
1217 1966 1340 2006 acin,
1374 1960 1413 1996 id
1441 1966 1497 1996 est
1521 1970 1681 2006 opere,

191 2007 418 2035 recesserunt
447 2007 482 2037 et
506 2005 910 2047 contemplatione
943 2007 1000 2041 sui
1025 2009 1191 2042 fruuntur
1212 2011 1249 2052 2,
1277 2009 1335 2052 18,
1357 2006 1395 2042 4.
1422 2007 1519 2042 inter
1540 2019 1578 2042 m
1625 2007 1634 2014 '

189 2058 311 2081 rerum
345 2053 443 2082 actus
477 2049 610 2093 aliquid
642 2049 783 2084 invenit
813 2050 922 2086 vacui
956 2055 1013 2096 10,
1042 2054 1078 2097 6,
1112 2057 1144 2090 1.
1177 2054 1218 2088 in
1250 2054 1380 2090 ceteris
1410 2054 1548 2089 actibus
1579 2053 1680 2090 vitae
1725 2066 1728 2070 ⁴

190 2103 266 2126 non
292 2093 387 2128 idem
414 2093 451 2127 in
478 2095 580 2139 soro,
616 2095 714 2130 curia
745 2103 807 2130 etc.
841 2098 962 2133 facere
990 2100 1183 2137 conveniat
1209 2102 1265 2144 11,
1295 2103 1329 2144 1,
1356 2099 1416 2135 47.
1453 2099 1572 2134 studia
1587 2109 1679 2142 ,non

190 2139 262 2182 jam
294 2139 332 2173 in
363 2151 428 2174 suo
459 2147 540 2175 actu
570 2148 760 2177 versantur
791 2146 847 2187 12,
882 2147 926 2188 2,
957 2146 982 2180 8
1012 2147 1060 2180 Ν.
1098 2145 1326 2193 Astrologia,
1354 2147 1495 2181 nullum
1526 2145 1679 2193 exigens
1726 2163 1728 2174 ‹

190 2190 364 2229 actum,
389 2187 450 2219 sed
475 2187 554 2231 ipso
580 2188 635 2222 rei
656 2188 918 2224 intellectu
943 2197 1111 2226 contenta
1138 2195 1175 2235 2,
1199 2194 1257 2234 18,
1283 2194 1319 2228 1.
1344 2192 1435 2225 aliae
1459 2192 1615 2233 (artium)
1638 2191 1680 2226 in
1717 2212 1728 2231 ,1

190 2231 494 2320 {ffiifiss‘ie‘pssffff
503 2232 815 2324 ,⁸33¹31’m‘1u333
823 2235 867 2315 1³2²
892 2237 1070 2316 Rufini?
1095 2237 1224 2325 ᾞέἔ
1247 2237 1461 2324 Ἕὲἕ.ἓ.ῗ.ξ“
1470 2235 1679 2316 afflui?

190 2319 381 2363 Actum,
416 2322 452 2355 id
477 2330 530 2358 est
552 2323 710 2368 πρᾶξιν,
747 2325 957 2370 (elementum
986 2294 1290 2371 gelie’quaestionis
1323 2328 1531 2370 quorundam
1563 2329 1679 2362 rheto-

191 2365 278 2405 rum)
306 2368 341 2408 3,
365 2367 400 2407 6,
424 2369 480 2401 26.
551 2370 599 2412 11)
624 2374 656 2403 in
679 2373 833 2407 dicendo.
878 2370 916 2414 α)
942 2375 976 2404 in
1002 2374 1130 2405 causis:
1165 2371 1205 2404 in
1227 2376 1309 2405 actu
1332 2373 1368 2414 9,
1392 2374 1427 2415 3,
1453 2376 1532 2408 101.
1558 2376 1616 2417 11,
1641 2375 1678 2417 3,

192 2408 271 2444 140.
299 2410 338 2444 iu
360 2413 458 2445 omni
491 2420 571 2448 actu
596 2419 631 2458 2,
659 2419 715 2460 13,
742 2418 777 2451 8.
816 2427 874 2450 ars
903 2416 1047 2451 dicendi
1077 2416 1117 2450 in
1149 2423 1255 2450 actu
1281 2423 1336 2451 est
1365 2419 1500 2463 posita,
1532 2430 1611 2456 non
1631 2419 1679 2457 in
1727 2445 1728 2449 =

192 2456 377 2508 effectu
402 2460 437 2499 2,
466 2461 522 2501 17,
545 2460 602 2494 25.
636 2464 855 2504 procedente
889 2468 972 2495 actu
1000 2465 1058 2506 11,
1085 2464 1121 2505 3,
1156 2462 1236 2498 144.
1268 2469 1424 2499 motus
1455 2470 1513 2500 est
1543 2462 1585 2500 in
1618 2464 1687 2502 his.

190 2501 364 2535 orationis
390 2508 494 2546 atque
523 2512 654 2539 actus
686 2509 720 2547 9,
742 2511 778 2550 2,
802 2507 837 2541 4.
870 2507 1036 2541 flexus
1059 2507 1120 2541 ille
1149 2514 1202 2552 et,
1234 2514 1274 2542 ut
1296 2509 1348 2544 sic
1373 2510 1552 2554 dixerim,
1584 2521 1702 2546 ruo-1

189 2551 264 2580 tus
292 2549 352 2581 dat
375 2554 522 2581 actum
549 2553 725 2595 quendam
757 2558 794 2587 et
820 2553 1051 2587 affectum
1078 2554 1159 2597 (Sp.
1186 2555 1332 2597 effictis)
1354 2559 1390 2599 2,
1419 2559 1477 2600 13,
1501 2558 1525 2592 9
1546 2555 1676 2602 aqui

190 2592 259 2626 sibi
292 2604 389 2635 res,
429 2604 599 2638 voceS,
633 2603 767 2632 actus
801 2599 997 2632 secundum
1025 2609 1153 2633 verum
1184 2601 1316 2644 optime
1342 2601 1443 2649 fingit
1476 2602 1512 2644 6,
1545 2605 1583 2647 2,
1614 2602 1675 2638 30.
1710 2623 1728 2631 ·«

190 2637 399 2682 quotidiano
427 2645 509 2673 actu
531 2641 666 2674 forensi
693 2645 749 2686 10,
773 2646 808 2686 1,
832 2646 899 2678 -27.
932 2642 971 2677 in
1001 2653 1093 2679 vero
1127 2651 1208 2679 actu
1237 2647 1291 2681 rei
1325 2645 1424 2692 (opp.
1452 2649 1677 2689 electam,-

119 2713 143 2727 ,
189 2683 396 2727 tionibus)
420 2688 455 2727 7,
482 2688 517 2728 2,
544 2685 601 2719 41.
635 2698 725 2730 quae
752 2694 834 2722 sunt
858 2688 910 2722 iu‘
930 2696 1014 2722 actu
1037 2695 1072 2723 et
1095 2692 1325 2727 contentione
1351 2693 1526 2738 (causae)
1555 2696 1615 2739 11,
1637 2695 1676 2738 1,

189 2727 248 2764 48.
285 2739 374 2773 opus
405 2729 445 2771 (i.
472 2743 501 2765 e.
530 2733 743 2772 historia)
778 2744 854 2768 non
885 2734 931 2768 ad
957 2740 1109 2769 actum
1144 2739 1195 2779 (α.
1223 2742 1246 2771 l.
1274 2738 1458 2784 intuitum)
1492 2739 1564 2774 rei
1594 2740 1674 2784 'p'u-
1710 2777 1714 2780 ,

191 2783 408 2821 gnamque
444 2782 771 2823 praesentem,
816 2779 880 2814 sed
913 2780 958 2814 ad
989 2783 1256 2817 memoriam
1289 2784 1608 2829 posteritatis
1636 2790 1674 2819 et
1705 2817 1712 2828 ,
