1728 3002
118 145 202 186 796
494 127 506 135 “
674 143 811 200 Saepe
841 168 897 177 —-
927 142 1105 188 Saltatio

161 271 262 294 sacra
283 259 465 294 literarum
492 259 652 292 colentes
677 260 739 302 10,
766 261 808 304 1,
831 259 890 295 92.
916 259 1098 307 peregisse
1123 271 1225 295 sacta
1258 260 1472 297 tradentium
1504 269 1596 299 artes
1621 264 1655 307 5,

162 306 224 349 14,
247 309 305 342 27.
339 318 371 339 υ.
398 306 651 342 Profanus,

115 352 268 408 Saepe.
300 363 341 408 α)
366 362 491 398 Livius
515 374 544 398 s,
572 361 624 396 sic
647 360 733 395 dicit
755 362 791 406 8,
815 362 852 406 6,
876 365 934 397 20.
962 375 1043 398 cum
1065 363 1225 408 pluribus
1247 364 1387 408 judiciis
1410 376 1439 400 s.
1468 364 1656 401 dicendum

162 417 216 446 est
241 414 303 454 11,
332 412 374 451 3,
408 412 466 442 22.
500 420 530 444 s.
570 408 756 443 secubanti
790 409 999 445 amatorium
1030 409 1127 444 dedit
1155 413 1204 455 7,
1233 412 1275 455 8,
1299 414 1336 446 2.
1373 422 1519 456 saepe
1549 412 1656 447 etiam

161 457 286 502 quaeri
317 457 410 490 solet
440 456 484 490 de
516 462 679 499 tempore
718 462 803 501 etc„
841 466 1171 501 nonnunquam
1206 458 1251 492 de
1274 469 1428 502 persona
1454 468 1597 504 quoque
1620 461 1656 502 2,

159 503 195 547 4,
225 505 279 538 19.
310 501 354 543 cf.
381 506 415 543 7,
439 501 474 544 4,
502 503 557 536 15.
583 514 616 535 υ.
635 503 988 546 Nonnunquam.
1017 502 1240 548 auctoritate,
1263 509 1441 540 *vetustate
1463 505 1658 550 plerum-

162 561 247 594 que
273 548 500 591 defenditur,
526 559 663 592 saepe
689 548 794 582 etiam
816 548 954 583 ratione
979 551 1082 594 quad.
1106 550 1148 592 9,
1173 552 1216 592 3,
1241 552 1276 589 3.
1301 563 1334 585 υ.
1358 552 1658 595 Plerumque.

159 596 202 641 β)
230 599 446 639 Comparat..·
477 594 618 639 saepius
642 606 787 628 narrare
813 594 858 637 4,
883 598 924 637 2,
951 597 1006 630 85.
1035 597 1231 640 repetenda
1262 608 1292 631 s.
1318 602 1422 632 erunt
1447 596 1660 641 scriptorum

159 642 328 687 proxima
354 644 410 684 10,
435 643 471 684 3,
495 642 531 676 6.
557 640 685 684 scripta
714 647 749 675 et
772 642 866 676 lecta
888 653 917 674 s.
944 642 1163 678 revolvendi
1187 645 1243 686 11,
1266 645 1302 687 2,
1327 642 1387 678 41.
1429 642 1525 690 Quid
1549 643 1657 686 aliud,

160 701 190 723 s.
216 688 354 730 dicam,
381 693 507 722 natura
533 687 733 733 permittit?
760 691 795 731 7,
824 690 857 731 1,
883 687 939 723 49.
971 694 1030 731 ut,
1054 689 1116 733 qui
1139 694 1287 736 rogatur
1311 689 1367 731 (is
1391 695 1510 724 autem
1539 689 1660 723 suim-

158 734 331 781 peritus),
355 734 530 781 intelligat
557 734 602 777 5,
626 737 670 777 7,
697 736 761 773 31;
792 734 920 778 prioris
946 734 1142 770 sententiae
1171 736 1321 771 verbum
1346 735 1510 770 ultimum
1534 745 1577 770 ac
1599 747 1659 770 se-

159 782 301 827 quentis
326 780 480 826 primum
506 782 798 825 frequenter
823 786 878 815 est
904 780 1017 815 idem:
1043 792 1115 826 quo
1140 781 1283 826 quidem
1308 783 1488 816 schemate
1513 787 1661 815 utuntur

157 832 288 873 poetae
315 827 511 872 saepius
527 845 584 861 —-.
620 827 692 861 Sed
718 838 764 861 ne
787 833 950 863 oratores
974 827 1117 872 quidem
1142 838 1248 862 raro
1270 829 1306 870 9,
1328 825 1363 872 3,
1385 826 1443 862 44.
1469 840 1504 862 v.
1526 829 1658 862 Raro.

157 875 265 909 laturi
290 873 503 909 sententiam
525 872 663 907 indocti
688 884 812 918 saep.
839 879 946 918 atque
971 873 1167 908 interim
1191 874 1318 909 rustici
1342 877 1398 918 12,
1424 877 1481 918 10,
1506 874 1564 910 53.
1587 874 1658 908 bis

158 933 201 956 ac
230 931 354 965 saep.
383 921 429 955 de
457 921 536 955 ead.
561 931 602 954 re
631 919 781 954 dicimus
810 922 867 963 10,
893 921 927 963 5,
951 923 986 956 7.
1020 921 1097 955 ead.
1122 919 1294 956 iterum
1319 932 1362 955 ac
1388 931 1514 966 saep.
1539 919 1660 955 dicere

157 970 290 1049 2237&
318 969 353 1002 8.
402 965 450 1012 γ)
486 968 676 1011 5ηρεν1α1..·
725 977 815 1011 quos
839 964 1000 1010 (versus)
1035 967 1168 1001 Brutus
1194 983 1238 992 --
1264 966 1471 1012 saepissime
1501 966 1590 1001 facit
1622 967 1660 1011 9,

194 1041 204 1058 ,
280 1040 289 1048 .

113 1060 287 1103 Saevio-
345 1071 406 1106 im
418 1083 441 1116 p
455 1082 475 1105 e
487 1070 562 1105 rio
575 1069 617 1105 si
646 1075 717 1114 atq.
747 1069 890 1104 interim
917 1081 934 1103 s
946 1081 966 1104 a
978 1069 1055 1107 evi
1068 1074 1209 1105 entes
1236 1068 1457 1116 (paedagogi)
1485 1073 1519 1116 1,
1543 1073 1578 1116 1,
1601 1054 1636 1107 8.

114 1128 319 1170 SaeVitia·
376 1141 420 1174 ad
446 1138 633 1175 saevitiam
656 1140 756 1173 serae
779 1138 973 1185 gignuntur
997 1142 1030 1182 1,
1058 1141 1092 1183 1,
1122 1142 1155 1174 1.

113 1196 295 1239 Saevus.
342 1209 487 1253 tyranni
514 1219 623 1243 saeva
647 1207 840 1264 crudelitas
865 1208 902 1252 9,
926 1209 961 1251 3,
985 1207 1043 1242 48.
1078 1218 1111 1240 v.
1139 1208 1222 1243 Not.
1248 1211 1320 1244 crit.
1346 1210 1394 1244 aa
1415 1202 1451 1253 6',
1473 1209 1531 1243 Pr.
1555 1207 1590 1244 6.

113 1263 349 1320 sagaciter.
398 1287 481 1310 cum
505 1287 534 1308 s.
559 1275 669 1309 fuerit
695 1275 844 1309 intuitus
873 1279 908 1319 2,
932 1277 968 1319 8,
991 1275 1026 1310 4.
1345 1260 1349 1266 ¹

115 1331 292 1387 Sagina·
350 1345 440 1377 haec
475 1345 577 1377 velut
612 1354 639 1376 s.
673 1342 817 1378 dicendi
844 1345 906 1387 10,
933 1343 985 1386 5,-
1011 1346 1069 1379 17.
1106 1355 1236 1379 verum
1267 1345 1379 1380 robur
1406 1344 1507 1380 inani
1539 1345 1662 1395 sagina
1724 1392 1725 1395 Ἰ

160 1390 378 1424 mentiantur
401 1393 437 1434 2,
464 1390 521 1432 15,
547 1390 607 1424 25.

114 1445 290 1502 sagino·
348 1459 505 1492 ferarum
530 1463 570 1491 ut
594 1457 703 1492 catuli
727 1457 892 1492 molliore
915 1457 1050 1502 praeda
1074 1457 1280 1506 saginantur
1303 1460 1360 1502 12,
1383 1459 1420 1503 6,
1443 1460 1476 1495 6.

115 1513 205 1556 Sfll·
252 1525 294 1571 α)
319 1529 434 1570 Sing..·
471 1528 571 1560 nulla
595 1532 650 1560 est
678 1525 717 1560 in
741 1536 895 1569 corpore
919 1526 1014 1560 mica
1036 1525 1120 1560 salis
1146 1529 1310 1561 cotun.
1334 1527 1377 1570 6,
1402 1528 1443 1570 3,
1468 1529 1523 1564 18.
1567 1529 1661 1564 Sane

159 1579 282 1607 tamen
310 1573 353 1614 (ὁ
361 1587 395 1617 p.
423 1573 509 1616 conj.
540 1571 692 1617 Sales)
715 1578 755 1606 ut
781 1573 843 1606 ille
872 1573 1032 1614 (intellige
1056 1570 1153 1615 sal)
1175 1572 1215 1605 in
1239 1571 1327 1606 cibis
1350 1574 1457 1617 paulo
1480 1573 1661 1610 liberalius

161 1631 327 1664 aspersus
355 1627 416 1654 etc.
456 1622 500 1653 ib.
526 1621 582 1653 19.
611 1620 659 1652 Ν.
695 1618 1048 1652 inde‘acerbitas
1073 1623 1109 1653 et
1133 1618 1349 1653 abundantia
1378 1618 1478 1663 (Sp.
1503 1621 1661 1666 abunde)

161 1666 284 1699 salis
311 1669 372 1708 10,
399 1668 441 1709 1,
465 1664 523 1701 94.
582 1663 626 1710 β)
652 1668 770 1699 Plur..·
806 1670 847 1698 ut
869 1663 980 1698 amari
1004 1666 1116 1707 sales,
1153 1664 1203 1698 ita
1225 1665 1435 1709 frequenter
1464 1666 1661 1703 amaritudo

158 1711 237 1756 ipsa
260 1712 413 1746 ridicula
437 1718 492 1746 est
518 1713 579 1754 10,
610 1714 651 1752 1,
681 1714 762 1747 117.
797 1716 837 1744 ut
870 1710 1142 1746 controversiae
1171 1711 1357 1755 permixtis
1392 1711 1524 1746 salibus
1546 1713 1662 1759 finge-

158 1764 283 1794 rentur
309 1761 348 1801 6,
373 1761 395 1793 3
410 1785 420 1802 ,
448 1758 503 1793 15.
531 1757 571 1791 in
591 1758 725 1792 salibus
751 1757 943 1802 aliquando
966 1757 1138 1805 frigidum
1165 1756 1400 1801 (ciceronem)
1430 1760 1492 1802 12,
1518 1761 1580 1801 10,
1604 1763 1659 1794 12.

158 1817 193 1838 υ.
218 1804 597 1842 Commiseratio,
1411 1826 1416 1828 -

114 1849 388 1893 SalebrOSuS·
431 1860 682 1896 resistens
707 1872 749 1895 ac
774 1861 1032 1895 salebrosa
1055 1859 1170 1895 oratio
1198 1862 1254 1903 11,
1277 1862 1314 1904 2,
1337 1859 1396 1896 46.

114 1917 251 1960 Salio·
308 1931 459 1964 multum
483 1929 522 1964 in
549 1930 689 1976 agendo
715 1929 1093 1971 discursantem,
1116 1927 1376 1962 salientem
1403 1935 1464 1963 etc.
1492 1929 1528 1973 6,
1546 1931 1581 1972 3,
1601 1929 1659 1965 54.

159 1978 262 2012 velut
286 1977 524 2011 salientes
555 1977 627 2009 huc
651 1976 759 2020 illuc,
790 1986 859 2010 nec
892 1986 1044 2020 usquam
1075 1973 1364 2009 insistentes
1388 1977 1455 2019 10,
1482 1978 1528 2020 7,
1552 1976 1588 2011 6.
1620 1975 1660 2010 in

158 2023 309 2058 saliendi
335 2022 526 2057 certamine
555 2025 612 2065 10,
637 2023 671 2065 3,
700 2023 733 2057 6.
1140 2034 1142 2037 ’
1472 2022 1479 2025 ’

114 2067 254 2111 SRISC·
296 2080 420 2115 rustici
457 2092 486 2114 s.
517 2078 640 2113 dicunt
674 2079 770 2114 etin
795 2092 863 2125 eo,
897 2080 995 2125 quod
1029 2076 1157 2122 aliquis
1188 2075 1286 2119 (Sp.
1311 2076 1350 2110 in
1373 2087 1473 2120 eum,
1501 2075 1660 2123 quisquis

159 2126 310 2171 aliquid)
335 2126 467 2161 dixerit
493 2125 592 2170 prior
616 2126 650 2169 6,
672 2129 706 2168 3,
730 2130 772 2161 13
800 2130 835 2161 S.
863 2126 908 2168 cs.
928 2130 972 2160 ib.
1002 2126 1060 2158 30.
1078 2124 1142 2171 89..
1159 2121 1315 2157 infinitas
1341 2134 1422 2158 esse
1445 2127 1521 2158 tam
1542 2126 1660 2159 salse

160 2173 324 2217 dicendi,
353 2185 459 2218 quam
483 2184 652 2207 severe
681 2172 833 2217 (species)
858 2176 902 2207 ib.
929 2175 1007 2221 101-

115 2217 279 2260 8318118·
327 2232 508 2265 salsum
536 2229 615 2273 erit,
640 2231 743 2275 quod⁴
761 2242 835 2264 non
860 2229 927 2264 erit
954 2228 1196 2267 insulsum,
1220 2226 1322 2278 yelnt
1349 2226 1482 2270 quodd.
1506 2225 1658 2271 simplex

160 2276 331 2311 orationis
356 2276 648 2319 condimentum,
675 2278 771 2321 quod
795 2276 947 2310 sentitur
969 2277 1102 2308 latente
1124 2273 1278 2317 judicm,
1302 2272 1404 2307 velut
1427 2272 1565 2315 palato,
1591 2283 1659 2306 ex-

160 2322 318 2367 citatque
349 2329 385 2357 et
409 2335 429 2356 a
452 2323 572 2357 taedio
599 2319 759 2356 defendit
784 2322 983 2356 orationem
1009 2321 1044 2362 6,
1068 2321 1103 2362 3,
1130 2319 1184 2353 19.
1215 2330 1248 2370 31.
1273 2318 1501 2352 Insulsus.
1534 2327 1659 2353 narra-

159 2379 219 2410 re,
246 2381 338 2412 quae
361 2370 453 2403 salsa
477 2369 568 2412 sint,
593 2369 631 2402 in
655 2368 775 2413 primis
801 2374 854 2402 est
880 2367 1009 2402 subtile
1034 2371 1070 2400 et
1094 2369 1288 2399 oratorium
1309 2366 1356 2398 ib.
1380 2365 1439 2399 39.

115 2411 310 2456 saltatio·
352 2427 442 2460 aliae
458 2425 586 2470 (artes)
607 2426 643 2459 in
666 2427 805 2473 agendo
821 2423 998 2469 (positae),
1023 2433 1171 2467 quarum
1191 2421 1229 2455 in
1244 2422 1315 2455 hoc
1331 2420 1410 2455 finis
1430 2426 1496 2463 est,
1524 2426 1561 2456 et
1575 2419 1658 2465 ipso

160 2476 241 2503 actu
260 2473 442 2514 perficitur
459 2480 536 2516 etc„
565 2472 679 2516 qualis
704 2477 758 2506 est
782 2471 921 2506 saltatio
946 2473 982 2513 2,
1008 2471 1063 2512 18,
1085 2471 1118 2502 1.
1144 2469 1224 2502 salt.
1245 2468 1453 2513 frequenter
1468 2466 1547 2502 sine
1562 2477 1657 2502 voce
1702 2495 1710 2506 x

160 2515 370 2563 intelligitur
403 2525 508 2563 atque
539 2519 651 2552 afficit
677 2517 732 2562 (α,
754 2522 776 2551 l.
802 2516 987 2559 salutatio)
1018 2518 1083 2556 11,
1112 2516 1153 2557 3,
1180 2515 1225 2549 66
1249 2515 1295 2547 Ν.
1331 2514 1427 2548 unde
1459 2512 1656 2547 saltationis

162 2563 294 2604 quodd.
321 2575 433 2610 genus
457 2564 576 2599 Titius
600 2564 647 2599 sit
669 2566 880 2610 appellatum
906 2565 949 2597 ib.
975 2563 1052 2596 128.
1076 2558 1656 2612 Lacedaemonios-salt.quand„

162 2612 330 2650 tanquam
356 2611 400 2643 ad
424 2611 520 2644 bella
544 2622 686 2656 quoque
714 2610 856 2654 utilem,
885 2607 1052 2643 habuisse
1083 2607 1179 2641 inter
1211 2611 1486 2640 exercitatlones
1514 2615 1656 2648 accepi-

164 2663 254 2685 mus.
302 2656 428 2700 Neque
459 2656 496 2689 id
528 2658 712 2693 veteribus
743 2655 913 2691 Romanis
946 2653 1114 2689 dedecori
1137 2652 1223 2687 fuit:
1251 2656 1495 2698 argumentum
1519 2655 1574 2683 est
1597 2660 1656 2683 sa-

163 2699 349 2778 cerltiinudn
382 2702 528 2736 nomine
565 2714 607 2736 ac
642 2703 816 2750 religione
846 2704 976 2736 durans
1003 2701 1048 2734 ad
1069 2701 1142 2735 hoc
1171 2704 1308 2741 tempus
1336 2697 1412 2730 salt.
1441 2699 1480 2738 t,
1512 2697 1572 2738 11,
1600 2696 1655 2731 18.
1706 2710 1710 2718 -

167 2755 199 2777 v.
276 2755 297 2778 o
338 2746 507 2781 nlntio.
