1728 3002
533 218 765 279 Suspectus
793 241 850 247 —
877 205 1076 286 Sugflneo
1491 219 1568 258 881

86 334 240 371 video.
270 343 338 379 pro
359 338 460 378 parte
481 337 645 377 suscepta
668 336 708 374 7,
730 335 774 376 2,
800 333 856 368 55.
892 343 913 366 a
945 337 1168 375 suscepta
1200 331 1311 364 semel
1342 328 1573 374 persuasione

87 382 334 416 discedere
361 382 426 423 12,
458 381 500 422 2,
525 379 583 413 26.
647 378 720 423 ΙΙΙ)
749 393 778 413 c.
813 381 849 412 vi
874 378 1092 412 succedendi.-
1125 378 1170 412 ad
1205 377 1301 421 quod
1333 375 1395 411 ille
1427 377 1572 420 quidem

88 425 402 468 conticescit,
433 426 495 459 sed
534 434 735 459 sermonem
767 424 977 468 suscipit
1014 423 1124 458 Polus
1147 427 1189 466 2,
1223 424 1289 466 15,
1314 424 1370 457 28.
1407 423 1572 467 quotiens

24 476 28 477 ⁷
86 473 209 507 ultima
233 478 328 507 esset
353 472 426 515 (11¹1.
454 470 520 515 S),
548 470 686 517 aliaque
711 475 931 505 consonante
954 470 1195 515 susciperetur
1216 471 1257 512 9,
1284 468 1325 510 4,
1351 470 1409 503 38.
1444 470 1572 514 quaed.

24 554 27 558 ,
83 519 267 598 ¹clausulae
290 537 331 546 -
357 517 586 563 sequentibus
609 517 787 562 suscipi
819 528 862 552 ac
885 516 1118 551 sustineri
1141 516 1260 551 solent
1287 517 1331 550 ib.
1356 517 1414 550 70.
1440 527 1475 549 v.
1492 517 1574 549 Re·

105 575 262 610 inquo.

25 607 299 667 .Su8pectus.'
334 621 383 662 α)
420 622 463 654 de
486 622 656 664 personis:
692 631 738 655 ne
761 618 916 665 suspecti
944 619 1053 654 simus
1087 618 1149 652 illa
1180 624 1281 663 parte
1310 616 1356 661 4,
1383 620 1424 660 1,
1449 618 1506 653 56.
1538 623 1577 652 ut

82 673 272 712 suspectus
303 666 414 710 judici
442 667 502 700 fiat
527 666 571 708 5,
596 669 638 709 7,
664 667 720 702 19.
755 666 793 700 in
826 672 990 711 suspecta
1016 677 1108 699 nuru
1134 666 1178 709 9,
1202 668 1245 708 2,
1277 665 1335 700 69.
1367 675 1447 698 cum
1480 663 1510 697 is
1540 664 1577 698 in

85 715 192 759 quad.
219 725 327 748 causa
354 718 538 757 suspectus
560 718 654 747 esset
676 713 720 756 6,
748 715 791 756 3,
814 714 871 748 96.
929 712 971 756 β)
996 714 1039 746 de
1062 714 1181 746 rebus.-
1211 712 1308 745 unde
1334 710 1424 744 nihil
1452 722 1578 754 suspe—

19 781 27 787 =
86 760 136 796 cti
158 760 220 795 fiat
245 760 281 803 5,
301 763 339 802 7,
363 761 422 794 27.
446 764 505 802 ut,
534 769 624 803 quae
646 765 862 803 suspecta
885 764 998 801 erant,
1023 764 1155 792 certa
1181 758 1372 793 videantur
1400 758 1433 799 5,
1458 758 1494 799 9,
1524 759 1579 793 10.

16 803 22 814 ”
84 816 163 840 non
185 816 292 840 manu
323 806 417 839 facta
450 811 486 839 et
515 809 589 839 arte
622 811 786 849 suspecta
817 804 1022 850 magistrum
1045 803 1149 838 fateri
1175 803 1308 848 ubique
1331 803 1520 838 videantur
1543 805 1577 846 5,

23 848 31 861 ⁵
85 851 144 896 14,
169 854 226 887 32.
247 851 365 886 minus
387 856 552 895 suspecta
577 851 833 898 argumentatio
855 851 1134 886 dissimulatione
1154 851 1188 893 5,
1215 849 1271 893 14,
1295 850 1353 884 35.
1379 854 1579 893 suspectam

27 937 29 940 Α
84 897 172 933 facit
195 897 304 942 judici
328 908 470 932 causam
494 899 528 940 5,
554 899 609 938 13,
633 899 689 932 51.
715 898 760 939 cs.
788 901 843 940 11,
870 902 902 940 1,
928 898 984 932 74.
1010 909 1038 931 s.
1061 896 1267 932 facilitatem
1297 898 1354 938 10,
1380 897 1413 937 3,
1437 898 1471 930 7.
1504 905 1576 939 quo

84 964 132 971 —
154 944 270 978 minus
294 955 324 978 s.
351 943 502 977 insidiae
524 940 644 978 forent
673 947 728 987 12,
751 944 787 986 9,
812 946 854 986 53
878 943 1092 989 promissum
1115 942 1313 988 suspectius
1337 942 1372 985 5,
1398 945 1434 985 7,
1460 940 1514 975 14.

42 989 282 1046 suspendo.
329 998 372 1043 Ι)
408 1002 559 1044 proprie.-
595 1002 680 1035 dext
704 1012 723 1034 r
745 1000 854 1044 (pes)
878 1000 1170 1047 summisdigitis
1200 999 1427 1044 suspenditur
1453 1001 1517 1040 11,
1542 999 1576 1041 3,

89 1049 158 1082 125
189 1059 222 1081 v.
247 1046 452 1087 Attollo;
492 1052 593 1090 pater
614 1067 659 1072 —
701 1047 866 1090 uspendit
900 1058 939 1081 se
963 1049 1008 1089 7,
1039 1049 1084 1090 3,
1110 1049 1167 1080 31.
1208 1047 1308 1091 quod
1339 1055 1436 1078 uxor
1466 1055 1530 1077 sua
1557 1055 1579 1078 e

84 1094 156 1128 fico
186 1103 266 1126 sese
297 1091 539 1136 suspendisset
569 1093 613 1134 6,
646 1095 690 1135 3,
725 1094 781 1127 88.
852 1092 914 1135 11)
947 1097 1085 1125 transt:
1131 1104 1211 1126 curn
1236 1092 1305 1125 vdiu
1338 1090 1579 1134 suspendisset

84 1139 244 1184 iudicum
267 1139 404 1172 animos
427 1139 467 1180 9,
495 1141 539 1180 2,
562 1141 619 1172 22.
644 1149 715 1182 quo
739 1140 820 1173 loco
843 1138 1170 1172 sustinendus
1199 1141 1234 1171 et
1254 1137 1358 1182 ‘quasi
1381 1147 1580 1180 suspen-

88 1186 266 1220 dendus
293 1195 412 1219 sermo
435 1185 481 1218 sit
505 1187 562 1227 11,
588 1187 623 1227 3,
647 1185 704 1219 35.
731 1184 776 1228 cs.
801 1185 858 1219 36.
883 1186 1101 1228 suspendere
1125 1183 1284 1228 spiritum
1311 1186 1347 1226 1,
1371 1184 1407 1226 8,
1435 1185 1473 1224 1;
1506 1193 1578 1216 una

87 1243 151 1276 spe
175 1241 367 1274 suspensos
393 1230 651 1264 recordationis
678 1233 740 1275 10,
767 1231 812 1274 6,
834 1231 870 1266 6.
905 1242 1140 1275 suspensa
1165 1241 1207 1264 ac
1228 1230 1330 1266 velut
1352 1228 1581 1263 dubitans

86 1276 203 1311 oratio
227 1279 284 1320 10,
307 1279 343 1320 7,
370 1279 428 1311 22.

40 1321 250 1378 Suspicm·
292 1331 323 1367 si
345 1332 463 1367 omnis
490 1349 534 1358 -
558 1343 655 1376 susp.
679 1331 857 1375 sordium,
888 1338 948 1366 aut
981 1332 1168 1376 odiorum,
1198 1337 1258 1366 aut
1288 1330 1490 1366 ambitionis
1516 1331 1580 1365 ab-

41 1378 45 1386 '
81 1379 196 1418 fuerit
216 1377 260 1422 4,
286 1381 329 1422 1,
353 1380 388 1414 8.
414 1378 614 1423 adjicienda
638 1378 730 1412 ratio
755 1379 904 1420 alicujus
929 1379 1141 1424 suspicionis
1170 1381 1232 1422 11,
1258 1380 1295 1420 1,
1319 1379 1374 1413 76.
1403 1378 1504 1422 cujus
1527 1378 1580 1412 rei

86 1426 250 1461 cavenda
268 1425 428 1460 maxime
455 1437 482 1459 s.
509 1426 545 1467 9,
569 1424 604 1467 4,
630 1423 708 1459 143.
733 1436 762 1458 s.
789 1425 990 1459 calliditatis
1014 1425 1215 1471 effugienda
1233 1423 1269 1467 4,
1293 1427 1329 1467 2,
1355 1425 1434 1459 126.
1458 1425 1582 1459 levare

86 1471 328 1516 suspicionem
361 1473 405 1506 ib.
430 1472 488 1508 81.
515 1470 656 1505 mittere
690 1470 729 1504 in
751 1472 855 1515 plura
882 1472 976 1515 (Sp.
994 1471 1191 1516 plurimas)
1219 1469 1440 1514 suspiciones
1464 1472 1508 1503 ib.
1537 1472 1580 1505 92

86 1519 136 1553 N.
162 1521 209 1552 cr.
235 1525 266 1551 et
293 1518 330 1550 S.
366 1516 587 1562 suspiciones
624 1527 792 1562 spargere
828 1529 932 1561 quam
961 1519 1118 1551 maxime
1149 1516 1250 1551 varie
1283 1519 1330 1559 7,
1353 1519 1396 1558 2,
1427 1518 1490 1558 12;
1524 1527 1583 1548 res

86 1564 188 1608 ipsae
218 1563 416 1606 perducant
439 1562 596 1605 judicem
619 1563 669 1595 ad
693 1562 934 1605 suspicionem
956 1564 992 1605 9,
1016 1566 1054 1606 2,
1075 1566 1134 1597 71.
1167 1573 1250 1606 per
1273 1558 1404 1606 (mand.
1430 1561 1583 1594 credibi-

86 1609 159 1642 lem
187 1619 216 1641 s.
239 1609 276 1648 9,
301 1610 337 1650 2,
363 1609 422 1642 90.
445 1608 484 1640 in
506 1618 578 1650 quo
599 1618 683 1650 per
702 1609 837 1650 quand.
862 1619 905 1649 s.,
929 1609 1026 1651 quod
1053 1619 1126 1642 non
1152 1607 1314 1648 dicimus,
1340 1606 1452 1651 accipi
1476 1608 1582 1640 volu-

88 1664 168 1688 mus
191 1655 236 1686 ib.
260 1653 318 1687 65.
344 1651 390 1693 qs.
405 1653 442 1695 6,
464 1654 500 1694 3,
515 1654 573 1687 88.
598 1662 619 1684 a
646 1662 710 1685 reo
739 1652 828 1686 nihil
854 1653 925 1686 dici
949 1659 1073 1686 contra
1100 1658 1244 1697 praeter
1270 1653 1405 1697 aliquas
1433 1653 1584 1688 fortasse

88 1711 120 1734 s.
154 1703 274 1744 potest
302 1700 346 1741 7,
369 1700 413 1741 2,
442 1700 499 1731 12.
540 1698 732 1731 carendum
765 1703 818 1732 est
850 1709 926 1732 non
958 1699 1073 1732 solum
1105 1698 1309 1732 crimine
1342 1698 1583 1743 turpitudinis,

89 1756 220 1782 verum
243 1743 348 1778 etiam
371 1743 653 1788 suspicione
678 1746 714 1786 2,
739 1746 776 1786 2,
806 1743 860 1779 14.
895 1743 941 1785 cf.
966 1743 1001 1787 4,
1029 1747 1063 1787 2,
1091 1744 1148 1779 96.
1175 1756 1209 1778 v.
1233 1744 1417 1788 Opinio.

43 1791 304 1880 Susplcloje·
350 1811 442 1880 (ἕηκε
476 1811 556 1834 cum
594 1806 782 1835 accusator
818 1812 848 1835 s.
884 1807 1026 1844 narret,
1064 1812 1148 1835 reus
1188 1801 1312 1836 levare
1344 1800 1584 1846 suspicionem

89 1849 217 1882 debeat
262 1872 274 1889 ,
298 1847 334 1888 2,
384 1848 416 1879 1.

45 1890 263 1948 Suspicor·
309 1913 402 1946 quae
431 1902 582 1937 facimus
618 1901 778 1946 patiendi
809 1902 918 1936 modo
944 1901 1086 1945 dicere,
1118 1908 1159 1936 ut
1184 1905 1390 1946 suspicor
1415 1904 1457 1947 9,
1481 1905 1522 1947 3,
1545 1907 1581 1939 7.

90 1959 265 1986 summum
294 1949 399 1982 nefas
430 1948 624 1992 suspicatus
658 1950 714 1983 de
748 1959 866 1983 uxore
893 1950 939 1990 9,
963 1952 1008 1990 2,
1032 1950 1098 1990 803
1133 1960 1238 1993 quem
1270 1949 1515 1993 suspicabatur
1548 1955 1587 1984 et

90 1996 206 2041 ipsum
229 1994 362 2038 aliquid
384 1994 514 2035 injuste
538 2001 742 2041 rogaturum
764 1996 806 2037 6,
832 1997 874 2037 3,
897 1995 954 2029 95.
988 1995 1181 2029 Hominem
1208 1996 1364 2028 occisum
1391 2007 1470 2029 esse
1495 2006 1584 2030 con-

92 2047 180 2083 stat3
211 2050 286 2073 non
308 2039 346 2072 in
369 2039 580 2083 solitudine,
607 2046 647 2074 ut
670 2052 690 2074 a
713 2040 910 2074 latronibus
937 2041 1098 2084 suspicer
1120 2044 1154 2083 7,
1182 2043 1220 2083 1,
1244 2042 1301 2074 33.
1327 2040 1371 2082 cs.
1399 2045 1436 2086 7,
1458 2044 1502 2086 2,
1525 2042 1582 2077 25.

94 2098 155 2122 ex
176 2087 260 2120 loco
281 2085 407 2119 tumuli
429 2085 618 2130 suspicari,
652 2097 727 2120 non
754 2097 832 2120 esse
857 2092 1126 2120 monumentum
1141 2089 1186 2132 ¹7,
1209 2088 1243 2128 3,
1269 2084 1325 2120 34.

49 2131 300 2188 δυερίιζὸῐίο.
346 2141 582 2188 suspiratione
605 2142 870 2177 solicitudinem
893 2142 998 2178 fateri
1022 2145 1062 2176 11
1077 2167 1088 2187 ,
1116 2143 1157 2186 3,
1182 2142 1261 2177 158.

47 2199 327 2242 Sustentatio.
363 2211 430 2252 fig.
452 2221 510 2255 ap.
534 2213 643 2246 Cels.
667 2212 711 2254 9,
734 2214 778 2255 2,
801 2213 859 2245 22.

47 2268 268 2310 Sustento.
307 2289 374 2322 per
401 2267 526 2313 omnes
548 2278 774 2313 difficultates
798 2277 916 2313 animo
942 2289 1000 2312 me
1024 2277 1222 2314 sustentavi
1249 2280 1306 2320 12,
1330 2278 1386 2311 Pr.
1415 2280 1448 2310 1.

49 2334 264 2378 sustineo.
310 2343 351 2388 1)
379 2348 535 2390 proprie:
565 2358 586 2381 e
608 2346 770 2380 manibus
792 2345 958 2390 utrinque
982 2344 1229 2379 sustinentium
1252 2345 1409 2388 pendent
1433 2346 1466 2387 1,
1490 2346 1525 2386 2,
1549 2347 1583 2379 7.

95 2392 257 2426 manibus
281 2391 447 2426 sustineri
471 2394 535 2436 11,
560 2394 601 2435 3,
627 2395 713 2434 1323
753 2392 912 2436 spiritum
936 2392 1150 2426 sustinentes
1175 2391 1220 2434 9,
1242 2389 1287 2434 4,
1311 2391 1368 2425 68.
1404 2400 1476 2434 quo
1500 2391 1583 2424 loco

96 2437 323 2471 sustinendus
340 2448 457 2471 sermo
475 2437 521 2472 sit
545 2441 601 2481 11,
620 2440 654 2482 3,
669 2440 725 2472 35·
741 2451 775 2472 v.
797 2438 915 2482 susp
929 2449 982 2471 en
993 2439 1060 2471 do.
1084 2437 1211 2481 quaed.
1231 2437 1409 2470 clausulae
1429 2447 1585 2480 sequen-

94 2482 191 2517 tibus
213 2483 379 2517 sustineri
402 2485 520 2518 solent
542 2485 587 2526 9,
611 2483 659 2526 4,
682 2486 729 2518 70
750 2495 785 2517 υ.
805 2481 1046 2528 Suscipio.
1088 2484 1260 2525 Firmo;
1297 2487 1420 2516 mutuo
1447 2482 1583 2516 auxilio

61 2528 316 2570 „sustinentur
338 2530 371 2572 5,
398 2532 454 2573 12,
478 2528 513 2564 4.
538 2530 701 2574 corpora,
723 2540 814 2573 quae
837 2534 982 2574 aspectu
1005 2529 1166 2576 integra,
1190 2527 1312 2563 nervis
1335 2539 1459 2572 parum
1477 2528 1584 2569 susti-¹

84 2579 227 2609 ‘nentur
247 2578 302 2618 11,
319 2577 353 2618 3,
374 2575 430 2610 55.
469 2575 519 2616 ΙῙ)
533 2579 669 2610 transL:
694 2574 886 2619 quamlibet
901 2574 1079 2609 imbecilla
1096 2576 1198 2608 frons
1217 2585 1344 2620 magna
1365 2574 1582 2608 conscientia

59 2632 79 2666 :5
93 2620 291 2654 sustinetur
303 2623 357 2664 12,
370 2619 451 2664 5‚4.
474 2621 642 2666 quoniam
661 2631 797 2664 omnes,
826 2621 887 2665 qui
910 2631 983 2654 non
1005 2621 1166 2665 improbe
1188 2620 1385 2667 litigabunt,
1409 2621 1583 2654 sustinere

55 2667 70 2707 ἕ,
93 2677 172 2701 non
194 2672 311 2710 potest
335 2678 449 2711 unus,
487 2667 619 2712 aliquid
650 2673 686 2700 et
719 2666 1043 2701 commendantium
1073 2666 1235 2710 personis
1260 2666 1358 2700 dabit
1384 2668 1447 2710 12,
1471 2668 1512 2710 7,
1538 2667 1579 2708 5;

16 2717 21 2747 ζ
57 2718 68 2741 “-
98 2712 274 2747 sustinere
296 2719 349 2747 tot
368 2713 470 2747 mala.
484 2714 528 2756 8,
553 2712 598 2756 4,
621 2715 679 2747 21.
700 2714 835 2757 majore
858 2708 1025 2755 numero,
1059 2723 1165 2756 quam
1188 2711 1427 2747 sustinere
1455 2711 1580 2756 possit,

18 2765 19 2769 ’
67 2768 70 2770 ’
92 2767 141 2792 ‘se
162 2758 388 2793 onerabit
411 2761 475 2802 10,
498 2759 540 2803 5,
563 2761 620 2793 22.
656 2758 748 2803 epici
772 2758 937 2793 carminis
961 2769 1071 2792 onera
1099 2759 1178 2803 lyra
1202 2757 1431 2792 sustinentem
1460 2760 1521 2800 10,
1548 2760 1581 2800 1,

99 2803 147 2839 62
167 2815 202 2838 v.
228 2805 410 2848 Onero3
445 2813 521 2840 non
550 2804 710 2840 sustineo
739 2816 841 2840 esse
871 2804 1085 2840 conscius
1117 2804 1203 2838 mihi
1229 2804 1435 2838 dissimulati
1458 2803 1580 2847 judicii

144 2874 227 2905 Lex.
261 2874 374 2916 Quint.
1250 2872 1295 2908 56
