1728 3002
195 142 279 181 434
702 133 939 179 Insolentia
965 161 1022 169 —
1052 135 1232 181 Instituo

197 250 445 295 Insolentia.
492 258 626 294 abolita
649 259 806 295 retinere
831 261 1043 297 insolentiae
1066 263 1249 308 cujusdam
1270 267 1326 299 est
1350 252 1441 308 1‚'6,
1467 265 1525 300 20.

198 307 413 352 InsolituS.
460 337 507 344 —
529 319 606 351 laus
629 319 664 362 8,
689 319 724 362 3,
749 317 783 353 4.
831 337 877 344 -
899 319 1061 354 laborem
1084 323 1142 364 11,
1167 322 1202 364 3,
1225 320 1283 355 26.

197 362 459 408 Insolubilis.
507 375 646 422 signum
673 360 742 410 iiis.
766 378 815 415 (α.
833 379 854 409 l.
878 375 1101 420 inviolabile)
1130 379 1165 421 5,
1191 378 1233 421 9,
1257 379 1294 412 3.

197 423 372 466 Insono.
415 431 515 477 quasi
538 432 701 467 faucibus
732 432 865 478 aliquid
889 433 1078 478 obstiterit,
1103 434 1272 471 insonare
1297 435 1354 479 11,
1376 435 1502 478 3,121.

197 480 427 534 Inspecno.
462 495 498 523 et
520 488 822 533 inspectione
846 496 882 526 et
905 491 1272 535 exercitatione,
1294 498 1336 526 ut
1351 497 1444 526 artes
1465 495 1618 534 ceterae,
1643 501 1686 526 co

245 541 334 571 stat
350 534 545 579 (rhetorice)
558 539 591 578 2,
607 539 663 580 17,
674 535 731 570 42.
759 548 839 571 cnm
859 536 930 571 sint
951 539 1079 572 artium
1097 538 1186 572 aliae
1199 539 1338 583 positae
1363 537 1400 572 in
1419 537 1687 582 inspection

244 584 281 617 id
294 588 348 616 est
367 581 649 629 cognitione
671 589 707 617 et
730 583 1068 628 aestimatione,
1090 596 1211 620 rerum
1230 582 1694 630 2‚18‚1.insp.(1abulam1

243 628 322 674 ipsa
349 639 456 673 saepe
480 629 610 662 salsum
636 629 870 675 deprehendit
893 631 927 673 5,
953 631 986 674 5,
1011 633 1045 665 2.

198 675 398 730 Insplclo·
432 684 653 729 inspicienda
677 686 825 720 materia
848 693 901 721 est
927 690 962 729 3,
987 689 1022 730 9,
1045 689 1078 724 9.
1111 698 1263 733 qnorum
1284 687 1412 732 inspici
1434 698 1555 722 mores
1578 690 1614 730 2,
1638 690 1673 730 2,

242 731 480 775 inspiciuntur
504 731 627 776 utique
657 733 902 774 difficultates,
938 734 1146 769 occasiones
1171 737 1205 777 7,
1229 737 1265 776 2,
1289 733 1345 770 45.
1389 734 1474 769 totis
1499 745 1629 768 causae
1651 744 1699 778 pa

244 778 339 813 tibus
364 778 555 824 diligenter
575 778 745 822 inspectis
774 782 809 822 3,
835 780 870 822 9,
894 783 929 815 7.
978 780 1215 825 inspectis
1251 780 1555 824 demensisque
1582 780 1700 826 singul

243 827 287 867 5,
315 826 381 866 10,
409 823 488 860 124.
540 835 654 869 eaque
678 836 759 869 per
790 836 837 859 se
862 825 989 870 inspici
1014 827 1054 870 5,
1081 829 1116 870 8,
1141 829 1174 862 5.
1213 826 1273 872 qni
1296 837 1368 861 non
1393 827 1527 868 solum,
1557 826 1643 870 quid
1666 836 1702 859 e)

243 870 383 915 pediat,
412 871 474 904 sed
497 870 604 904 etiam
631 872 716 915 quid
742 872 888 914 deceat,
919 872 1118 916 inspexerit
1143 874 1198 915 11,
1223 874 1256 916 1,
1281 873 1323 915 ὃς
1360 872 1406 906 in
1429 872 1487 906 his
1513 871 1628 906 virtus
1651 882 1704 906 ort

243 916 333 951 toris
359 914 546 960 inspicitur
568 918 602 959 8,
627 920 662 961 2,
683 919 718 953 8.
745 917 790 951 in
817 919 944 963 quibus
967 919 1025 955 vis
1049 919 1229 954 actionum
1250 917 1380 963 inspici
1397 919 1490 954 solet
1511 919 1546 961 8,
1572 919 1630 952 Pr.
1649 919 1695 951 10
1726 950 1728 963 ¹

195 973 377 1029 Inspiro.
419 984 454 1028 l)
473 984 687 1029 inspirantes
707 986 815 1020 ramis
837 987 1003 1021 arborum
1027 999 1133 1023 aurae
1158 990 1216 1030 10,
1240 989 1285 1030 3,
1307 985 1366 1025 24.
1414 986 1469 1029 11)
1495 988 1636 1020 transt.-
1671 985 1708 1019 hi

242 1032 355 1074 iram,
386 1031 446 1065 hic
469 1031 749 1080 misericordiam
773 1032 958 1077 inspirabit
983 1037 1038 1077 12,
1066 1037 1122 1077 10,
1146 1034 1215 1076 623
1266 1034 1348 1067 Non
1379 1031 1626 1077 inspiret?
1658 1041 1708 1066 no

243 1078 436 1124 augeat?
464 1079 609 1122 (orator)
631 1080 666 1122 5,
692 1078 748 1122 14,
772 1081 830 1113 32.
860 1080 987 1124 quibus
1009 1080 1146 1116 viribus
1169 1079 1398 1125 inspiret,
1423 1089 1493 1124 qua
1513 1076 1710 1123 jucunditai

239 1124 526 1169 permulceat
554 1123 825 1169 (argumentatio)
849 1129 884 1170 2,
909 1127 942 1169 5,
968 1128 1004 1162 8.

193 1166 479 1260 1111ξίῇῖἒὶἶέιέδὲ
499 1180 682 1261 Ιιῖωὲιὲριη
706 1182 864 1216 occisum
888 1194 969 1218 esse
992 1202 1039 1209 —
1061 1193 1136 1217 non
1163 1182 1318 1228 praedae
1342 1181 1468 1229 gratia,
1501 1173 1591 1227 quia'
1608 1179 1713 1226 inspo

194 1268 427 1311 Instabili&
466 1251 664 1316 n’tenibrtlin
689 1284 835 1319 brevius
861 1284 1011 1328 (jus-to),
1045 1283 1212 1319 instabile
1235 1285 1276 1327 9,
1303 1283 1348 1328 4,
1375 1284 1455 1321 125.

195 1337 423 1379 ῙΠΒῘθΠῒΘΓ-
457 1349 559 1392 plura
581 1350 757 1383 acriter
781 1356 816 1384 et
841 1350 949 1384 inst.
973 1350 1149 1393 incipiunt
1174 1351 1210 1392 9,
1234 1353 1269 1391 3,
1294 1353 1350 1384 30.
1375 1349 1574 1392 acriter,
1601 1348 1718 1391 inst&

240 1394 544 1440 pugnaciter
580 1394 770 1429 dicendum
811 1397 854 1439 9,
897 1395 941 1439 4,
989 1397 1067 1430 126.
1120 1406 1202 1429 cum
1237 1394 1323 1440 quid
1355 1395 1544 1433 instantius
1581 1394 1720 1432 dicimus

236 1442 272 1483 9,
297 1443 332 1480 3,
359 1442 415 1474 50.

193 1483 400 1577 lssSfillO2-8
423 1495 568 1575 §sensim
604 1495 930 1532 influentibus
965 1497 1028 1532 vel
1059 1496 1166 1531 etiam
1201 1495 1472 1530 instillatis
1503 1484 1672 1539 (humorib

237 1546 271 1585 1,
285 1546 330 1598 .2‚
460 1566 470 1576 .
1537 1562 1542 1563 γ
1726 1559 1728 1590 4

190 1588 437 1630 InStlnCUlS·
475 1605 726 1643 praeceptores
752 1598 960 1634 celebritate
985 1597 1204 1631 audientium
1227 1596 1415 1639 instinctos
1441 1602 1473 1642 1,
1491 1602 1527 1642 2,
1544 1599 1603 1634 29.
1639 1598 1672 1632 cl

237 1645 314 1679 sico
339 1645 496 1679 instincti
520 1649 562 1688 2,
590 1649 652 1687 11,
676 1645 701 1678 4
724 1647 770 1679 N.
815 1645 898 1679 inst.
924 1643 1048 1679 divino
1073 1643 1200 1688 spiritu
1225 1643 1366 1678 vatibus
1391 1647 1448 1688 12,
1472 1647 1530 1688 10,
1552 1644 1611 1678 24.
1653 1655 1678 1677 n

235 1690 391 1725 hominis
414 1690 559 1738 ingenio
592 1692 654 1725 sed
680 1692 837 1735 quodam
863 1690 1044 1735 Delphico
1077 1690 1225 1724 oraculo
1246 1689 1343 1724 inst.
1383 1689 1442 1734 (a.
1466 1694 1501 1724 1:
1516 1691 1690 1724 instructu

236 1741 293 1779 10,
319 1740 352 1780 1,
378 1738 438 1772 81.

188 1782 377 1824 Institor·
416 1795 518 1829 velut
542 1792 623 1828 inst.
652 1793 702 1834 (a.
715 1796 738 1827 l.
762 1790 957 1833 institutor)
982 1792 1126 1837 quidam
1151 1791 1378 1837 eloquentiae
1398 1793 1445 1836 v8,
1469 1794 1491 1827 3
1500 1815 1520 1837 ,›
1536 1794 1594 1827 12.
1649 1787 1728 1826 am*

234 1840 403 1874 bitiosum
427 1839 510 1874 inst.
540 1837 767 1884 eloquentiae
796 1841 853 1881 11,
879 1842 911 1880 1,
939 1837 996 1873 50.
1505 1848 1509 1851 ’
1681 1807 1728 1886 ,1

188 1885 385 1928 instituo.
434 1896 464 1938 Ι)
497 1895 533 1938 α)
558 1899 582 1930 i.
607 1909 638 1941 q.
666 1897 878 1929 constitu
892 1907 910 1928 ο
925 1909 935 1929 .-
961 1895 1179 1939 exemplum,
1205 1895 1310 1939 quale
1333 1893 1491 1928 libidinis
1511 1893 1571 1929 vir
1594 1888 1728 1951 Perse‘q

234 1943 282 1976 in
309 1942 457 1976 muliere
482 1942 601 1976 Samia
625 1941 809 1975 instituere
828 1944 934 1975 ausus
958 1941 1087 1975 dicitur
1112 1940 1246 1985 primus
1272 1942 1306 1983 3,
1330 1942 1366 1984 7,
1390 1943 1447 1974 21.
1485 1941 1556 1974 hoc
1580 1941 1719 1975 exerci‘

235 1989 379 2023 tationis
406 1999 520 2035 genus
543 1988 592 2022 ita
617 1987 871 2022 instituendum
895 1992 949 2021 est
972 1989 1038 2031 10,
1062 1987 1106 2030 6,
1133 1988 1166 2021 5.
1217 1985 1350 2031 judicia
1371 1985 1600 2020 instituuntur
1622 1989 1658 2029 7,
1685 1985 1728 2031 4,;

232 2038 291 2070 29.
328 2047 349 2069 a
373 2035 501 2079 quibus
526 2034 711 2069 civitatum
734 2044 853 2068 mores
878 2039 960 2067 sunt
983 2032 1133 2067 instituti
1159 2035 1199 2076 1,
1222 2035 1258 2076 2,
1283 2035 1318 2066 2.
1353 2031 1471 2075 operi,
1501 2033 1598 2076 quod
1619 2031 1728 2079 insti-

234 2081 366 2115 tuimus
391 2082 447 2114 Pr.
476 2083 534 2115 21.
569 2079 614 2122 cf.
643 2081 679 2123 6,
703 2082 738 2122 3,
765 2082 842 2114 103.
890 2079 936 2112 in
961 2090 1002 2113 re
1026 2078 1270 2123 quaestionem
1296 2077 1519 2112 instituamus
1545 2081 1580 2121 7,
1606 2081 1639 2121 1,
1665 2079 1722 2113 13.

234 2127 272 2160 in
297 2126 499 2173 colligendo
522 2127 801 2170 probandoque,
830 2136 922 2170 quae
943 2125 1171 2159 instituerant
1193 2122 1337 2168 (Stoici)
1365 2125 1419 2166 10,
1445 2126 1478 2167 1,
1503 2123 1561 2158 84.
1620 2123 1665 2170 β)
1689 2137 1720 2158 c.

235 2175 317 2205 binis
343 2177 491 2207 Accua.-
529 2183 633 2217 qnam
655 2173 825 2206 heredem
851 2170 1051 2206 instituerat
1078 2172 1118 2214 8,
1143 2172 1186 2213 5,
1214 2173 1268 2205 17.
1319 2168 1546 2204 instituto
1586 2170 1721 2204 herede

235 2218 400 2253 abdicato
445 2221 487 2261 3,
521 2219 567 2261 6,
603 2219 661 2255 97.
702 2230 735 2251 υ.
771 2218 940 2252 Heres.
1003 2216 1042 2262 γ)
1076 2216 1209 2250 familia
1241 2215 1333 2248 bene
1356 2214 1515 2249 instituta
1543 2218 1600 2258 10,
1625 2218 1659 2258 3,
1684 2217 1719 2251 9.

233 2265 317 2298 inst.
345 2264 464 2309 operis
489 2265 552 2308 Ep.
577 2266 622 2298 ad
646 2264 784 2308 Tryph.
812 2266 844 2298 1.
869 2263 951 2300 inst.
976 2262 1137 2297 ordinem
1161 2265 1195 2304 1,
1212 2261 1244 2303 5,
1263 2262 1319 2295 55.
1349 2271 1487 2296 severe·
1502 2260 1585 2294 inst.
1611 2263 1721 2296 scho-

231 2311 288 2344 lae
315 2313 357 2354 2,
382 2314 423 2353 2,
449 2312 505 2345 10.
544 2311 586 2343 ab
611 2309 691 2344 inst.
720 2308 844 2343 studiis
869 2311 924 2352 10,
952 2311 986 2352 1,
1012 2310 1069 2344 91.
1122 2308 1222 2348 11)2·.
1247 2319 1278 2351 q.
1306 2308 1498 2350 induco,
1532 2310 1716 2350 incipio.

234 2370 262 2389 c.
286 2356 374 2398 Ins..·
409 2356 447 2398 α)
471 2355 694 2390 recentiores
717 2355 956 2397 instituerunt,
982 2353 1126 2388 Graecis
1150 2352 1352 2386 nominibus
1378 2352 1540 2387 Graecas
1559 2352 1718 2387 declina-

231 2402 348 2436 tiones
373 2403 458 2436 dare
483 2405 523 2445 1,
548 2404 589 2444 5,
613 2403 670 2436 63.
708 2412 828 2435 curam
855 2399 996 2434 dicendi
1018 2399 1103 2433 inde
1126 2398 1368 2442 coepisse,
1399 2400 1494 2443 quod
1519 2399 1717 2433 accuratius

232 2448 333 2492 loqui
355 2467 401 2474 -—
427 2447 722 2481 instituerint
744 2449 778 2490 3,
797 2450 832 2489 2,
851 2449 886 2480 2.
932 2445 974 2490 β)
999 2448 1115 2479 Pass..·
1140 2444 1306 2479 materias
1330 2455 1385 2488 ap.
1411 2444 1568 2479 Graecos
1597 2444 1715 2479 dicere

232 2493 326 2527 circa
348 2493 571 2528 Demetrium
598 2495 769 2527 Phalerea
795 2491 991 2525 instituunn
1014 2494 1049 2534 2,
1077 2490 1112 2533 4,
1136 2490 1194 2524 41.
1230 2490 1275 2532 cs.
1310 2493 1365 2532 12,
1393 2493 1428 2532 2,
1456 2491 1514 2525 25.
1561 2491 1656 2524 unde
1680 2497 1716 2524 et

229 2540 428 2582 producere
452 2540 562 2583 ipsos,
597 2539 657 2583 qui
685 2538 945 2582 periclitentur,
969 2551 1016 2558 -·-
1038 2536 1236 2571 institutum
1259 2537 1294 2579 6,
1321 2538 1354 2579 1,
1382 2538 1438 2570 30.
1476 2535 1716 2570 narrationem

231 2589 312 2617 ante
337 2586 567 2627 probationes
596 2595 730 2629 ponere
755 2583 836 2617 inst.
861 2589 914 2617 est
938 2582 973 2625 4,
989 2583 1102 2626 2,ξὸ6.
1128 2582 1175 2624 cs.
1189 2582 1225 2626 4,
1241 2586 1275 2624 1,
1294 2583 1329 2616 3.
1358 2586 1397 2614 ut
1419 2581 1569 2624 primum
1593 2581 1714 2628 lingua

232 2639 312 2662 esse
339 2641 357 2662 c
372 2631 506 2674 oepit
529 2631 567 2664 in
589 2636 756 2676 quaestu,
780 2628 1142 2673 institutumque
1166 2626 1390 2672 eloquentiae
1417 2627 1520 2661 bonis
1543 2629 1636 2662 male
1660 2626 1714 2662 uti

228 2674 290 2709 Pr.
318 2676 384 2716 13;
422 2689 487 2720 seq.
515 2684 582 2710 ut.-
618 2676 750 2720 optime
776 2675 973 2709 institutiuu
998 2680 1071 2715 est,
1107 2679 1157 2707 ut
1189 2674 1233 2708 ab
1257 2674 1417 2706 Homero
1441 2680 1502 2706 cic.
1527 2671 1633 2708 leotio
1656 2673 1713 2706 in-

231 2718 339 2764 cipiat
364 2723 405 2764 1,
430 2722 472 2765 8,
498 2721 530 2756 5.
592 2722 660 2765 ΠΙ)
689 2725 711 2756 1'.
735 2735 766 2767 q.
792 2723 961 2755 erudio.
1010 2719 1052 2764 α)
1075 2722 1255 2756 hominem:
1286 2724 1465 2753 oratorem
1499 2718 1710 2762 institui,
