1728 3002
0 1084 2 1116 ἱ

771 274 916 317 Litera
977 293 986 295 >
1537 275 1617 314 493

136 379 309 427 plurimae
333 378 388 415 lit.
409 379 594 424 subjacent
615 380 650 423 3,
674 378 711 421 6,
733 380 792 413 27.
838 377 935 412 circa
957 374 1097 422 species
1123 374 1222 410 easd-
1250 372 1368 410 omnis
1396 375 1423 410 1.
1457 375 1620 411 versabi-

135 432 195 461 tur
215 429 250 470 3,
274 427 309 470 6,
333 426 391 461 85.
438 427 522 459 dum
546 425 666 472 ignota
688 423 799 467 iudici
825 423 870 457 lis
893 428 949 458 est
980 423 1017 466 4,
1041 424 1075 464 1,
1095 420 1156 455 24.
1205 431 1278 466 quo
1309 421 1450 456 sublato
1481 422 1508 456 l.
1541 433 1620 456 esse

132 483 209 508 non
232 471 345 517 possit
366 474 402 514 3,
427 474 486 519 11,
511 472 568 507 19.
596 470 643 513 εἰ.
667 472 703 514 5,
728 473 785 514 13,
806 471 841 506 9.
887 471 1021 504 nullam
1048 479 1128 502 esse
1150 468 1189 510 1.,
1215 467 1246 501 si
1269 467 1426 520 ishcum
1447 477 1519 512 quo
1547 469 1622 513 agi-

135 525 214 562 tur,
248 518 336 551 nihil
359 518 574 562 respondeat
595 520 631 561 3,
653 517 689 560 6,
721 515 776 551 14.
823 517 851 553 1.
874 517 972 550 nulla
996 519 1073 557 est,
1107 514 1165 548 cui
1197 514 1409 558 probatione
1431 525 1506 548 non
1530 524 1620 558 opu<

138 563 184 598 sit
211 565 245 607 5,
267 565 326 598 Pr.
351 564 385 599 5.
412 576 445 598 v.
469 564 577 603 Lex.
623 561 660 608 7)
683 562 788 596 litis
812 562 979 596 condicio
1001 565 1037 604 7,
1062 563 1098 602 2,
1122 562 1181 595 37.
1227 560 1300 594 hoc
1334 570 1446 606 genus
1473 560 1545 595 litis
1569 571 1618 593 ex

116 610 328 654 praeterito
350 611 482 654 pendet
501 613 536 652 7,
569 612 606 652 2,
627 609 663 644 5.
709 610 735 643 l.
763 608 906 643 occasio
937 611 974 650 7,
1006 609 1042 650 9,
1078 607 1135 641 5.-
1160 605 1267 640 omne
1289 606 1313 639 1.
1347 607 1620 641 instrumentum

139 659 194 698 12,
220 657 255 698 8,
281 658 345 699 12;
377 655 537 690 litium
558 656 769 689 advocatum
795 654 877 698 (hoo
899 656 991 688 verb.
1009 665 1031 686 a
1047 653 1150 687 codd.
1177 659 1259 696 opu.
1286 654 1401 694 omitt.)
1419 656 1475 696 12,
1502 656 1537 696 1,
1561 654 1621 688 25.

136 701 255 736 media
277 701 330 736 lit.
352 712 476 745 manus
502 706 540 736 et
561 700 704 746 quidam
725 700 903 744 interpres
929 702 985 743 12,
1011 699 1047 741 8,
1069 696 1107 733 4.
1150 697 1202 732 lit.
1226 699 1334 732 cardo
1359 701 1417 740 12,
1444 700 1480 741 8,
1507 702 1542 733 2.
1566 699 1622 734 lit.

138 747 304 782 condicio
331 749 366 790 5,
393 750 426 791 1,
447 749 481 782 3.
508 746 667 782 infinitae
691 746 745 781 lit.
772 748 908 780 formae
930 749 965 783 7.
993 745 1052 778 Pr.
1075 742 1110 778 4.
1157 742 1197 778 in
1228 744 1354 778 mediis
1381 744 1432 778 lit.
1456 746 1621 781 medullis

72 794 78 806 ¹
135 796 180 846 2,
199 795 235 836 1,
263 796 319 827 11.
360 793 415 827 lit.
439 793 683 838 quaestionem
708 795 765 836 10,
794 795 828 835 1,
852 795 907 828 23.
954 788 992 832 δ)
1018 795 1124 824 extra
1156 789 1256 824 litem
1284 790 1327 833 4,
1367 794 1405 833 1,
1445 794 1502 826 12.
1549 805 1622 838 quo

134 850 252 873 minus
273 845 494 892 susceptam,
526 848 607 873 cum
630 839 758 891 melior
781 839 986 880 videretur,
1021 837 1122 870 litem
1155 835 1306 870 dimittat
1343 840 1406 889 12,.
1434 840 1469 880 7,
1504 840 1539 872 6.
1573 840 1620 881 cs.

134 883 171 928 4,
191 886 239 928 2,
254 885 312 920 66.
359 886 445 930 qmd
467 886 565 920 litem
587 884 693 918 faciat
714 887 748 927 3,
775 887 830 927 11,
854 883 909 918 24.
937 883 982 925 cs.
1013 885 1048 924 7,
1085 885 1130 924 1,
1159 880 1214 916 14.
1247 883 1350 923 (lex)
1383 884 1482 917 litem
1515 885 1623 919 habet

1257 931 1279 941 ,-

105 952 115 956 -
134 933 171 973 7,
194 931 229 974 53
251 931 286 966 5.
330 937 370 964 ut
395 930 501 965 amici
523 942 628 975 quam
650 931 814 964 minimas
837 931 887 964 lit.
915 930 1069 963 habe-ant
1092 931 1148 970 12,
1185 929 1220 970 9,
1263 943 1292 962 ι.
1338 934 1378 962 ut
1408 930 1546 964 sublata
1578 932 1624 965 sit

135 976 182 1017 lis
201 979 237 1020 7,
259 979 296 1018 2,
320 975 377 1011 45.
426 975 461 1019 ε)
487 977 526 1010 in
549 977 628 1010 aliis
650 976 702 1010 lit.
726 979 763 1018 2,
789 979 845 1019 17,
873 974 930 1010 40.
956 975 1000 1016 qs.
1027 975 1063 1017 6,
1088 977 1122 1017 1,
1148 974 1205 1008 36.
1234 976 1269 1015 7,
1292 976 1327 1016 2,
1361 975 1419 1010 26.
1467 977 1564 1019 quod
1586 977 1626 1012 in

136 1021 200 1055 lite
229 1027 283 1055 est
308 1024 344 1063 7,
371 1025 408 1064 7,
432 1023 466 1056 6.
489 1025 525 1064 2,
548 1025 606 1065 21,
632 1023 688 1056 16.
735 1022 773 1055 in
796 1023 820 1059 Ι.
849 1027 968 1055 cantat
992 1023 1049 1063 11,
1073 1021 1108 1062 3,
1131 1020 1188 1054 59.
1215 1030 1295 1052 cum
1326 1019 1388 1054 lite
1419 1023 1627 1065 pecuniaria

135 1068 218 1102 adv.
241 1067 390 1101 fratrem
417 1074 538 1114 ageret
560 1068 596 1109 6,
621 1070 654 1110 1,
679 1068 736 1103 50.
784 1069 829 1101 de
853 1068 908 1101 his
930 1067 998 1100 tin-
1020 1065 1250 1100 contenditur
1273 1067 1308 1108 3,
1335 1065 1368 1108 4,
1391 1067 1426 1101 8.
1566 1073 1581 1101 t

44 1146 49 1149 -
89 1110 250 1153 Litel'a·
286 1122 473 1167 (Buttm.
499 1127 532 1157 in
559 1127 662 1157 ithus
687 1126 808 1158 ultimis
832 1126 922 1158 libris
947 1125 1078 1166 gemina
1114 1123 1149 1156 T
1171 1120 1344 1166 scripsit).
1379 1122 1408 1167 1)
1444 1125 1535 1166 Sing.
1583 1123 1623 1167 ι)

138 1182 167 1204 ο.
189 1171 335 1204 Aura..-
366 1170 408 1203 M
430 1170 534 1204 litera
559 1171 595 1213 9,
619 1169 653 1213 4,
679 1171 743 1212 393
776 1170 828 1205 lit.
851 1170 912 1204 illa
933 1169 1086 1204 Aeolica
1113 1171 1148 1211 1,
1179 1170 1214 1211 7,
1244 1169 1302 1204 26.
1349 1170 1375 1202 l.
1402 1170 1558 1204 acrior&
1579 1189 1628 1195 —

132 1214 338 1250 hebetiores
362 1218 395 1258 1,
422 1218 478 1258 11,
501 1216 536 1250 4.
562 1215 744 1262 angustior
766 1217 790 1250 l.
815 1217 850 1259 9,
874 1215 910 1260 4,
937 1219 995 1251 33.
1015 1219 1187 1251 coeuntes
1204 1215 1248 1257 1.,
1284 1226 1377 1259 quae
1405 1215 1627 1259 συναλοιφαὶ

98 1290 103 1293 .
137 1261 367 1303 dicunturjb.
393 1261 449 1295 35.
472 1274 505 1295 v.
531 1260 671 1296 coeo.
716 1263 743 1296 1.
768 1269 951 1306 correpta,
983 1262 1158 1305 producta
1184 1263 1218 1303 1,
1242 1263 1276 1303 7,
1298 1264 1334 1294 2.
1367 1278 1412 1286 -
1434 1261 1626 1304 jucundam
1680 1271 1683 1273 ’

137 1312 189 1355 et¹
206 1306 307 1351 quasi
337 1306 548 1342 tinnientem
582 1310 638 1350 12,
669 1309 726 1350 10,
756 1310 815 1344 31.
864 1307 1139 1352 jucundissimas
1171 1317 1220 1340 ex
1257 1307 1404 1340 Graecis
1436 1309 1481 1350 1.,
1511 1318 1626 1343 voca-

59 1353 203 1397 hylem
227 1354 385 1395 alteram,
409 1355 556 1387 alteram
581 1359 838 1387 consonantem
863 1356 907 1388 ib.
930 1356 987 1388 27.
1035 1355 1144 1399 longa
1168 1363 1210 1386 ac
1244 1353 1365 1386 brevis
1392 1354 1416 1387 1.
1442 1356 1475 1396 1,
1499 1357 1534 1397 7,
1567 1358 1625 1388 11.

46 1403 102 1439 ⁸1³„
132 1397 178 1440 «J.
201 1400 245 1432 ib.
270 1401 304 1433 3.
328 1399 508 1446 mugiente
555 1401 579 1433 1.
603 1400 656 1433 Μ.
683 1402 739 1442 12,
769 1402 825 1442 10,
851 1401 906 1434 31.
938 1399 1102 1434 desintne
1134 1398 1274 1443 aliquae
1314 1398 1419 1432 nobis
1455 1410 1626 1434 necessa-

102 1444 209 1491 '·riae
238 1446 264 1478 l.
294 1447 333 1486 1,
367 1444 412 1486 4·.
444 1449 479 1480 7.
516 1446 651 1489 cujusd.
687 1456 808 1480 novae
837 1447 861 1479 1.
894 1447 928 1487 9,
965 1445 1012 1489 4,
1053 1445 1111 1481 40.
1141 1445 1170 1478 Ε
1209 1445 1350 1489 planior
1390 1445 1456 1488 (a.
1488 1450 1512 1479 l.
1546 1449 1626 1491 ple-

21 1534 28 1543 ·
92 1500 100 1510 ”
133 1489 235 1532 nior)
257 1492 280 1526 l.
303 1492 347 1523 ib.
372 1493 488 1529 33.„N·
536 1497 638 1525 sexta
661 1497 862 1526 nostrarum
887 1495 943 1533 12,
970 1495 1025 1535 10,
1050 1493 1107 1527 29.
1154 1493 1178 1524 1.
1206 1491 1333 1525 melius
1359 1492 1567 1526 sonantibus
1588 1495 1625 1536 8,

135 1538 172 1580 3,
199 1537 255 1572 16.
282 1535 405 1570 ultima
429 1537 557 1581 prioris
584 1538 743 1581 syllabae
774 1539 799 1572 1.
833 1540 876 1574 ib.
915 1538 972 1571 45.
1000 1541 1039 1582 β)
1074 1539 1266 1571 Nominai.:
1292 1538 1353 1571 illa
1386 1538 1626 1572 vetustissima

133 1587 316 1626 tempora,
340 1583 467 1627 quibus
491 1589 527 1617 et
554 1583 740 1628 pauciores
767 1583 832 1623 lit„
856 1595 924 1617 nec
946 1583 1079 1617 similes
1102 1583 1159 1617 his
1183 1583 1314 1623 nostris
1342 1595 1463 1617 earum
1487 1586 1627 1618 formae

22 1630 47 1679 ¹⁷
96 1636 101 1646 ’“
133 1626 279 1662 filerunt
301 1632 336 1672 1,
375 1632 412 1671 7,
443 1632 498 1663 11.
542 1630 595 1663 lit.
629 1630 882 1674 syllabaeque,
922 1635 961 1662 ut
994 1629 1223 1663 scribentium
1260 1630 1513 1675 cogitationem
1551 1643 1626 1664 non
1672 1654 1677 1656 >

136 1674 298 1755 gtqgunt,
321 1674 373 1708 sic
392 1675 565 1709 rationem
582 1674 627 1719 (S
635 1689 666 1717 p.
678 1693 724 1698 --
734 1678 814 1716 nes)
825 1681 952 1719 sponte
964 1677 1111 1719 quadam
1122 1681 1292 1719 sequatur
1310 1678 1350 1719 (S
1357 1689 1392 1719 p.
1413 1678 1626 1719 sequantur)

130 1751 138 1763 t
162 1745 174 1762 2

227 1720 317 1764 ,125
338 1724 381 1754 Z.
420 1720 454 1765 γ)
469 1718 595 1755 Geniis.-
616 1721 799 1755 literarum
811 1721 964 1754 affinitas
986 1725 1018 1764 1,
1037 1722 1071 1763 6,
1082 1722 1139 1755 24.
1164 1722 1287 1757 suavis
1298 1722 1490 1765 appellatio
1503 1723 1625 1755 litera-

136 1776 215 1799 rum
228 1768 284 1807 11,
297 1767 332 1807 3,
343 1765 405 1800 35..
425 1766 478 1799 tit.
499 1768 625 1800 ductus
644 1770 676 1808 1,
687 1770 718 1809 1,
729 1769 787 1800 25.
811 1769 868 1809 10,
879 1770 914 1809 2,
926 1770 959 1799 2.
983 1773 1022 1800 ut
1036 1767 1084 1800 lit.
1096 1767 1242 1800 nomina
1256 1773 1291 1801 et
1302 1773 1510 1801 contextum
1529 1769 1627 1812 prius

124 1811 386 1857 ‘quanifqnnas
396 1812 535 1854 parvuli
554 1813 691 1846 discant
705 1816 737 1854 1,
757 1815 790 1854 1,
811 1812 868 1846 24.
889 1812 934 1852 cs.
957 1815 1012 1845 21.
1027 1811 1083 1846 24.
1100 1813 1158 1847 25.
1185 1814 1239 1846 lit.
1255 1813 1352 1847 inter
1365 1824 1404 1846 se
1417 1814 1625 1855 conjunctio

138 1857 184 1894 ib.
209 1857 273 1890 31..
314 1857 490 1890 eburneae
513 1858 565 1891 iit.
591 1859 731 1892 formae
754 1860 796 1892 ib.
823 1860 880 1892 26.
910 1857 960 1891 tit.
987 1858 1128 1891 habitus
1151 1861 1196 1891 ih.
1221 1861 1278 1893 25.
1325 1859 1378 1892 lit.
1410 1858 1557 1893 inventa
1589 1861 1626 1894 in

137 1897 321 1934 Mercurio
345 1900 607 1944 (ostenduntur)
631 1904 666 1945 3,
691 1907 726 1945 7,
750 1905 774 1938 8
801 1904 848 1938 N.
897 1903 1091 1938 similitudo
1117 1904 1168 1938 lit.
1200 1904 1234 1946 5,
1269 1906 1326 1946 13,
1359 1905 1394 1938 8.
1429 1905 1481 1938 lit.
1515 1916 1626 1940 sonus

139 1948 190 1988 1,“
202 1945 239 1987 4,
261 1948 298 1980 7.
323 1945 369 1987 cf.
392 1947 429 1989 9,
451 1945 487 1988 4,
507 1946 564 1981 40.
609 1944 648 1991 ὃ)
674 1949 799 1982 Accu-s.
815 1963 826 1981 .·
861 1955 900 1982 nt
924 1949 1076 1983 mediam
1103 1951 1119 1983 1
1144 1950 1196 1983 lit.
1221 1950 1425 1994 acciperent
1450 1954 1484 1993 1,
1507 1954 1543 1994 7,
1567 1955 1627 1987 21.

141 1997 201 2025 aut
225 1991 411 2035 correptis,
438 1998 497 2025 aut
519 1993 706 2035 porrectis,
738 1999 799 2027 aut
821 1995 989 2036 adiectis,
1020 2001 1079 2028 aut
1109 1996 1297 2038 detractis,
1331 2001 1390 2028 aut
1420 1997 1647 2038 permutatis<
1694 2026 1700 2031 .

127 2037 204 2072 lit.
227 2036 501 2081 syllabisve
524 2041 558 2079 1,
580 2038 616 2080 6,
640 2040 685 2071 32
706 2039 754 2071 N.
780 2037 826 2079 cs.
850 2041 886 2081 6,
920 2041 955 2082 3,
980 2042 1036 2074 53.
1083 2041 1243 2075 affixisse
1266 2052 1327 2074 eas
1360 2041 1483 2084 pueris
1516 2045 1550 2086 1,
1592 2046 1624 2086 l,

138 2083 197 2117 25.
238 2093 327 2127 quae
352 2081 454 2125 (syn.)
485 2084 582 2116 easd.
608 2083 702 2117 inter
724 2094 764 2116 se
786 2083 839 2118 lit.
864 2085 1088 2118 committunt
1110 2088 1145 2129 9,
1176 2085 1213 2128 4,
1240 2088 1297 2119 33.
1344 2082 1528 2132 geminatas
1546 2091 1627 2124 ead.

142 2129 233 2173 (Sp.
261 2134 404 2162 exemta
432 2129 500 2170 N.)
526 2128 579 2162 lit.
606 2130 637 2167 1,
662 2132 698 2171 7,
721 2130 777 2163 29.
804 2129 897 2172 (M)
921 2129 994 2172 lit.,
1027 2142 1119 2174 qnae
1145 2131 1299 2175 exprimi
1322 2133 1392 2165 nisi
1406 2133 1513 2168 labris
1538 2138 1627 2168 co&-

138 2175 282 2208 untibns
305 2185 379 2208 non
400 2179 539 2218 potest,
561 2193 610 2199 —
631 2173 836 2208 continuata
857 2185 936 2208 cum
961 2176 1171 2219 insequente
1194 2178 1232 2210 in
1259 2183 1418 2211 naturam
1442 2179 1520 2222 ejus
1544 2191 1627 2214 cor-

137 2219 312 2264 rumpitur
335 2221 370 2263 8,
396 2222 431 2262 3,
453 2219 511 2254 45.
559 2220 602 2253 Μ
622 2220 675 2254 lit.
698 2220 736 2253 in
759 2220 788 2253 E
815 2221 951 2254 mollita
974 2222 1008 2264 9,
1031 2220 1076 2264 4,
1112 2223 1169 2257 39.
1213 2222 1336 2256 literas
1369 2223 1460 2258 facie
1494 2226 1625 2269 norint,

137 2276 214 2299 non
237 2266 362 2300 ordine
387 2268 420 2308 1,
444 2268 478 2308 1,
505 2268 561 2300 25.
595 2266 854 2300 subtrahendae
881 2266 905 2300 S
932 2266 982 2302 tit.
1007 2268 1043 2309 9,
1067 2266 1102 2310 4,
1127 2269 1183 2302 38.
1230 2271 1334 2301 ebur
1360 2275 1395 2302 et
1430 2273 1557 2304 robur
1586 2273 1627 2307 in

138 2322 161 2346 o
198 2311 337 2346 literam
370 2312 546 2345 secundae
589 2313 672 2355 syll.
710 2317 895 2345 transeunt
936 2315 977 2354 1,
1020 2313 1067 2355 6,
1098 2316 1164 2356 22;
1200 2314 1268 2348 nisi
1311 2314 1431 2348 literas
1463 2317 1552 2350 nihil
1585 2329 1625 2352 se

139 2368 188 2392 ex
219 2357 356 2392 musice
398 2355 490 2401 (Sp.
521 2355 678 2398 musicis)
724 2357 817 2391 scire
849 2361 893 2400 1,
927 2360 989 2400 10,
1022 2359 1066 2393 18
1107 2363 1151 2393 Z.
1195 2361 1317 2394 locum
1361 2362 1411 2393 ad
1446 2363 1626 2397 literam

140 2403 275 2447 subjeci
303 2404 337 2444 9,
365 2405 399 2446 1,
426 2405 482 2437 15.
528 2402 574 2436 in
597 2403 693 2437 easd.
720 2404 744 2436 l.
774 2403 850 2437 exit
874 2407 906 2445 1,
935 2404 971 2447 5,
994 2404 1051 2439 60.
1097 2415 1179 2448 per
1202 2407 1348 2450 eand.‚1.
1374 2414 1507 2443 exeant
1530 2412 1562 2447 1,
1589 2412 1624 2452 6,

138 2450 176 2486 8.
222 2449 261 2482 in
286 2450 314 2482 E
339 2448 390 2481 lit.
417 2450 608 2482 secundam
630 2448 784 2484 vertisse
809 2451 956 2494 (quaed.
984 2449 1116 2494 verba)
1147 2453 1180 2493 1,
1211 2454 1248 2494 7,
1277 2452 1323 2487 25
1380 2455 1470 2487 ultra
1494 2455 1626 2498 primas

73 2520 80 2522 -
138 2495 164 2528 1.
189 2493 373 2541 progressi
397 2497 430 2537 1,
461 2498 494 2536 1,
527 2495 563 2529 8.
612 2493 646 2537 ε)
675 2497 805 2528 Abla1.:
845 2495 1014 2539 pleraque
1049 2505 1118 2529 nos
1152 2496 1255 2532 litera
1283 2498 1327 2531 M
1362 2499 1536 2534 cludimus
1568 2504 1625 2543 12,

140 2541 198 2583 10,
225 2541 282 2574 31.
328 2539 456 2584 quibus
480 2550 642 2584 quaeque
666 2542 748 2584 syll.
779 2541 891 2574 literis
922 2546 1062 2576 constet
1087 2545 1122 2585 1,
1157 2545 1192 2585 7,
1226 2546 1259 2580 1.
1305 2555 1396 2588 quae
1431 2545 1462 2579 si
1494 2550 1625 2581 nostris

24 2598 31 2606 -
71 2587 73 2589 ’
136 2584 190 2618 lit.
212 2585 411 2619 scribantur
439 2588 494 2628 12,
520 2587 576 2628 10,
603 2587 669 2627 28;
697 2587 793 2631 quod
823 2583 862 2620 in
894 2586 1056 2621 literis
1091 2587 1206 2631 obest,
1236 2589 1275 2623 in
1310 2591 1514 2634 syllabis
1550 2603 1624 2626 non

134 2630 282 2673 nocebit
307 2633 340 2674 1,
367 2634 399 2674 1,
425 2631 482 2665 26.
530 2642 598 2665 nec
619 2641 710 2666 vero
732 2631 772 2666 in
794 2631 954 2666 literis
1005 2632 1294 2679 syllabisque
1318 2641 1443 2670 natura
1469 2643 1625 2672 mutatur

137 2676 172 2719 9,
194 2674 231 2719 4,
255 2677 319 2718 91;
355 2676 550 2711 simulacris
570 2686 637 2720 pro
661 2677 714 2712 lit.
734 2682 876 2711 utamur
898 2677 956 2721 (in
985 2686 1058 2712 arte
1081 2682 1198 2720 mem.)
1221 2683 1277 2724 11,
1302 2685 1338 2724 2,
1367 2685 1424 2715 21.

228 2722 279 2763 II)
302 2725 396 2756 Plur.
421 2722 464 2766 α)
491 2724 653 2756 scribendi
674 2735 775 2758 usus:
799 2722 926 2759 literae
950 2725 1069 2763 (bonis
1096 2728 1256 2772 malisque
1283 2731 1394 2760 causis
1418 2727 1623 2767 communes)

137 2766 195 2810 12,
218 2768 254 2810 1,
278 2765 336 2802 45.
381 2768 740 2803 obstare'memoriae
771 2779 874 2802 usum
898 2767 1080 2804 literarum
1117 2773 1182 2814 11,·
1210 2774 1244 2811 2,
1274 2773 1306 2808 9.
1353 2778 1464 2806 artem
1498 2772 1623 2806 orandi

135 2809 248 2845 literis
269 2811 489 2848 tradiderunt
512 2814 570 2847 Pr.
598 2813 632 2849 4.
680 2825 740 2848 ars
761 2814 868 2862 digna
892 2814 1003 2849 literis
1029 2819 1093 2859 12,
1126 2820 1183 2859 11,
1216 2820 1274 2852 22.
1336 2820 1381 2862 β)
1423 2821 1444 2850 ι’.
1477 2832 1508 2863 q.
1546 2821 1620 2861 epi-

39 2858 74 2890 ³1
133 2859 242 2891 aota:
276 2858 415 2903 scriptis
438 2861 483 2893 ad
507 2859 623 2904 ipsum
646 2858 698 2894 lit.
722 2860 758 2903 9,
782 2859 818 2903 4,
844 2863 877 2895 1.
901 2871 969 2906 ego
993 2860 1124 2897 ibidem
1146 2863 1211 2896 has
1235 2863 1329 2898 inter
1357 2874 1506 2898 coenam
1531 2874 1620 2898 exa-
