1702 3054
700 235 926 278 Praefatio.
1549 238 1623 273 XV

14 396 32 427 ¹
46 349 367 417 praecipue
387 349 809 399 Ambrosiani
828 351 884 410 1.,
921 352 989 397 de
1014 349 1167 414 cujus
1192 348 1526 415 praestantia
1558 349 1617 398 in

10 481 20 489 „
43 429 411 496 praefatione
466 434 538 478 ad
586 431 974 496 Supplementa
1019 430 1302 496 Zumptius
1355 444 1612 478 accurate

16 492 33 566 f
73 509 346 570 disseruit,
381 510 643 559 sexcentis
682 510 908 576 amplius
954 509 1083 558 locis
1128 514 1299 560 verba
1341 509 1610 576 scriptoris

4 610 21 618 ²
71 590 326 652 restituit3
370 605 467 641 aut
500 591 603 639 'ubi
659 590 835 640 editor
870 590 1156 639 Codicibus
1201 589 1611 652 destituebatur,

74 671 391 736 conjectura
442 671 760 737 scripturam
814 685 1129 737 corruptam
1183 670 1411 719 feliciter
1459 675 1611 720 haud

20 815 27 819 ἱ
61 769 194 814 ⁸raro
241 753 563 801 emendavit.
631 755 698 801 In
741 755 846 800 hoc
896 751 1061 818 igitur
1101 753 1463 800 fundamento
1499 753 1610 800 Le-

10 886 11 889 *
70 832 237 881 xicon
274 832 703 897 Quintilianeum
745 836 1095 891 condendum
1137 849 1247 880 esse
1290 832 1504 894 censui,
1553 832 1610 894 si,

71 927 340 979 quantum
372 913 488 961 fieri
521 928 722 979 potest,
781 912 1103 977 Quintiliani
1146 913 1313 962 verba
1359 927 1414 960 et
1456 915 1612 962 locu-

69 994 243 1041 tiones
277 993 763 1060 integrasdeberet
800 993 1106 1055 continere3
1148 1007 1404 1052 attamen,
1439 1011 1611 1059 quum

73 1073 267 1140 singuli
319 1073 427 1121 loci
473 1073 669 1121 totiens
716 1073 844 1122 mihi
891 1072 1213 1139 inspiciendi
1253 1088 1308 1122 et
1347 1074 1612 1123 subtiliter

71 1140 418 1201 examinandi
466 1167 662 1214 essent,
719 1170 1000 1221 quumque
1062 1152 1176 1220 ipse
1239 1158 1613 1219 exemplorum

6 1265 11 1271 -
68 1233 298 1281 Fabiani
326 1232 578 1281 sermonis
614 1234 844 1300 copiam,
877 1248 1143 1301 quantam
1174 1252 1335 1283 nemo
1359 1250 1488 1283 ante
1509 1252 1610 1296 me,

70 1314 467 1382 congessissem,
523 1313 639 1361 fieri
690 1332 808 1362 non
863 1315 1072 1381 potuit,
1125 1316 1209 1364 uti
1262 1334 1348 1364 me
1391 1333 1612 1382 prorsus

69 1394 383 1462 obstrictu-m
453 1408 663 1443 teneret
725 1395 967 1462 Zumptii
1038 1396 1360 1458 auctoritas,
1437 1411 1493 1444 et
1554 1395 1613 1443 in

67 1476 251 1536 verba,
284 1489 348 1523 ut
378 1475 556 1541 ajunt,
591 1477 827 1543 magistri
848 1476 1108 1541 jurarem3
1143 1477 1341 1543 partim
1372 1477 1515 1525 enim
1538 1479 1612 1524 ad

70 1555 292 1603 Codices
325 1555 551 1619 optimos
581 1559 947 1605 recedendum
975 1557 1245 1623 judicavi,
1291 1557 1384 1606 ubi
1414 1571 1609 1606 acutus

68 1634 157 1682 ille
167 1635 403 1683 Romani
423 1636 675 1684 sermonis
695 1635 863 1701 judex
883 1638 952 1686 ab
973 1637 1032 1685 iis
1055 1637 1381 1699 discesserat,
1412 1636 1612 1704 partim

70 1715 409 1782 conjiciendo
446 1734 635 1765 verum
681 1717 942 1785 indagare
987 1717 1187 1779 studui,
1217 1718 1311 1766 ubi
1344 1719 1613 1766 intactum

69 1795 210 1844 idem
231 1795 524 1861 reliquerat
544 1799 724 1846 locum
746 1812 1077 1864 corruptum.
1113 1798 1186 1847 Hi
1209 1797 1428 1863 quidem
1451 1797 1615 1846 etiam

72 1893 222 1924 nunc
241 1894 356 1924 non
379 1878 543 1942 pauci
564 1892 704 1939 sunt,
741 1878 837 1944 qui
871 1894 968 1926 aut
997 1878 1346 1947 sagacitatem
1373 1878 1617 1928 virorum

73 1958 382 2016 doctorum,
420 1972 516 2005 aut
548 1975 699 2007 nova
729 1958 963 2008 subsidia
995 1959 1487 2025 manuscriptorum
1517 1961 1613 2005 de-

74 2033 334 2095 siderant,
375 2037 558 2100 qualia
578 2040 1091 2107 Bambergensis
1129 2041 1355 2088 Codex
1388 2037 1614 2104 promit-

74 2114 164 2176 tit,
199 2118 362 2162 modo
393 2132 463 2161 ne
493 2114 634 2178 justo
666 2118 920 2182 majorem
947 2137 1095 2184 spem
1130 2123 1197 2166 de
1226 2137 1290 2166 eo
1302 2155 1316 2179 ,
1350 2131 1617 2183 quantam

73 2194 288 2259 Sarpius
322 2194 721 2242 Rostochiensis
767 2198 894 2245 olim
943 2198 1303 2258 excitaverat,
1338 2197 1616 2246 literarum

75 2273 295 2324 studiosi
355 2274 587 2340 capiant.
672 2276 912 2346 Contigit
970 2275 1113 2326 enim
1170 2276 1298 2326 mihi
1349 2277 1616 2326 decimum

74 2355 268 2403 librum
298 2371 422 2402 cum
450 2355 663 2423 vulgari
694 2370 853 2405 textu
886 2371 1142 2406 accurate
1177 2358 1449 2419 conferre,
1485 2375 1614 2405 nam
1668 2412 1674 2416 ,

75 2437 235 2500 plura
279 2435 512 2484 brevitas
551 2437 804 2503 temporis
842 2438 968 2486 mihi
999 2441 1071 2486 ad
1106 2441 1254 2487 hunc
1284 2437 1448 2485 finem
1481 2454 1615 2486 con-

77 2516 204 2563 cessi
246 2533 362 2563 non
403 2517 639 2582 permisit
652 2536 665 2580 3
711 2536 900 2567 verum
943 2519 1322 2568 confirmatum
1365 2518 1491 2566 mihi
1539 2530 1618 2564 est

76 2596 313 2661 Zumptii
345 2600 412 2644 de
443 2614 508 2645 eo
538 2598 797 2660 judicium
826 2598 1047 2647 ultimae
1077 2601 1334 2667 plagulae
1367 2596 1616 2645 editionis

76 2673 188 2739 ejus
212 2675 497 2741 adjectum,
534 2678 746 2727 minime
770 2697 893 2727 eum
916 2680 1182 2745 jacturam
1204 2676 1546 2727 Ambrosiani
1575 2678 1614 2724 I.

74 2752 132 2800 in
159 2754 352 2803 ultimis
374 2757 515 2806 libris
541 2762 774 2826 explere,
810 2777 1131 2826 quanquam
1160 2777 1277 2808 non
1308 2758 1406 2806 erit
1437 2755 1613 2805 irritus

1175 2844 1201 2870 ᾗ
1223 2843 1250 2870 ἢ
1286 2857 1312 2888 2
