1728 3002
126 193 208 246 140
535 186 860 231 commiseratio
889 210 947 221 --
976 156 1268 232 Commoratio

683 268 706 288 9

125 291 472 335 Commiseratfo-
529 300 707 337 salibus
743 308 780 338 et
815 299 1266 347 commiseratIone',
1296 301 1359 349 qni
1385 301 1459 340 duo
1479 299 1672 348 plui-hum

171 352 316 385 affectus
338 350 461 383 valent
484 347 541 393 (a.
567 353 589 383 l.
618 360 710 393 quae
734 366 781 374 --
805 348 844 382 in
870 347 1074 393 affectibus)
1089 375 1100 394 ,
1124 348 1304 386 vincimus
1329 351 1386 394 10,
1411 352 1443 394 1,
1469 351 1552 385 101.

125 395 431 438 commiseror.
481 417 562 440 cum
591 404 915 440 commiserandum
937 405 983 440 sit
1007 409 1065 451 11,
1093 407 1214 450 3,-58.

124 453 430 496 commissura·
478 462 743 505 commissuris,
776 468 818 496 ut
842 462 882 497 in
904 473 1016 508 opere
1042 465 1135 498 male
1157 464 1301 508 juncto,
1338 461 1519 501 hiantibus
1545 464 1609 507 12,
1632 463 1670 506 9,

192 515 224 546 7.
260 510 422 555 plerique
447 521 494 544 ex
522 508 838 543 commissuris
861 510 925 544 vel
948 509 1193 545 divisione
1218 507 1422 553 (verborum)
1445 509 1538 547 fiunt
1557 509 1669 554 pedes

167 560 203 600 9,
229 556 265 600 4,
288 559 344 592 90.
380 563 619 590 consonantes
647 556 686 589 in
714 556 948 590 commissura
975 557 1172 591 verborum
1194 555 1360 591 rixantur
1385 558 1428 591 ib.
1452 556 1512 592 37.
1540 565 1668 591 sensus

167 604 218 638 ita
244 604 493 646 cohaerentes,
521 614 566 636 ne
591 601 824 635 commissura
848 603 1028 646 pelluceat
1050 606 1086 647 7,
1111 605 1168 648 10,
1196 603 1252 638 16.
1499 617 1504 622 ·

122 658 370 703 committo·
416 669 446 714 1)
473 670 542 705 nisi
565 670 644 705 illas
670 668 749 716 (res)
779 670 964 715 dispositio
987 670 1026 706 in
1046 670 1215 706 ordinem
1240 669 1449 718 digestas
1477 673 1585 714 atque
1608 667 1670 704 in-

171 725 227 753 ter
252 729 290 752 se
321 717 594 751 commissas
626 716 857 751 devinxerint
879 721 924 761 7,
953 718 1011 752 Pr.
1041 721 1072 752 1.
1118 715 1318 752 commissis
1342 716 1439 762 inter
1463 726 1504 750 se
1529 715 1670 750 duobus

169 764 293 799 &erbis
316 765 351 806 9,
375 762 410 805 4,
432 766 488 798 33.
524 763 569 805 cs.
595 764 636 806 9,
662 765 706 805 3,
732 764 787 799 19.
824 764 887 798 vel
910 764 998 799 dure
1023 764 1119 798 inter
1144 775 1184 798 se
1207 763 1398 798 commissa
1420 762 1563 808 potiora
1587 766 1671 796 sunt

169 810 353 845 inutilibus
380 808 513 854 (verbis)
543 811 586 852 9,
610 809 656 852 4,
678 810 735 844 58.
774 821 867 854 quae
891 809 1055 854 (vocales)
1079 811 1178 845 easd.
1205 809 1332 844 inter
1355 821 1395 844 se
1421 809 1544 844 literas
1567 818 1670 843 com-

167 857 314 891 mittunt
336 858 378 889 ib.
405 858 461 890 33.
500 855 738 891 vermiculate
765 855 893 890 inter
919 867 958 891 se
987 857 1095 902 (corr.
1125 860 1251 901 Reg.,·
1289 857 1394 891 codd.
1421 855 1460 890 in
1482 854 1541 899 se)
1572 853 1668 888 lexis

171 902 369 937 committet
396 904 532 936 Lucil.
566 904 609 935 ib.
638 904 716 937 113.
790 900 837 944 ΙΙ)
870 905 894 937 ι’.
918 905 1126 948 qfirmlos
1162 913 1239 937 non
1261 908 1344 937 ante
1370 900 1564 937 conciliato
1589 901 1668 944 ejus

165 947 339 993 (iudicis)
366 948 485 982 animo
509 947 878 993 nuda·quaestionmn
902 949 1143 989 committetur
1169 948 1371 994 asperitas?
1394 947 1437 992 4,
1463 950 1498 991 1,
1521 946 1580 982 25.
1617 957 1667 981 ex

162 995 279 1030 dubiis
301 994 431 1039 partim
458 996 561 1029 nobis
588 994 675 1039 ipsis
703 995 750 1028 ad
786 994 1000 1030 electionem
1025 1001 1109 1030 sunt
1134 994 1295 1030 libera
1326 1014 1375 1022 -
1399 993 1529 1039 partim
1553 991 1668 1028 1111οὲ-

163 1053 262 1077 rum
290 1041 564 1075 sententiae
592 1041 838 1075 commissa
863 1043 898 1084 3,
922 1040 959 1085 4,
986 1042 1023 1077 8.
1058 1053 1128 1077 nec
1153 1041 1328 1076 cubiculis
1350 1042 1461 1076 modo
1487 1045 1548 1074 aut
1574 1048 1666 1074 exe-

164 1088 238 1122 dris
268 1095 332 1121 etc.
368 1090 443 1131 per*
466 1087 632 1121 ordinem
667 1087 891 1121 committunt
926 1099 1071 1122 sensum
1106 1090 1174 1132 11,
1204 1090 1250 1131 2,
1286 1090 1345 1123 20.
1430 1087 1501 1130 111)
1526 1088 1664 1120 verbum

163 1135 348 1187 peccandi.-
385 1131 423 1175 α)
450 1144 518 1167 nec
542 1144 644 1176 eum,
685 1132 961 1178 ‹pniathpmndo
989 1133 1293 1179 peccaverit,
1325 1133 1451 1180 utique
1475 1131 1665 1187 pomini-

159 1191 284 1215 alsse
309 1179 428 1214 omnia
450 1183 491 1222 7,
518 1182 562 1222 2,
589 1181 646 1214 30.
686 1178 730 1220 cf.
759 1180 801 1222 5,
831 1181 894 1222 15,
918 1179 975 1214 44.
1015 1181 1095 1227 lege
1119 1182 1164 1215 de
1191 1180 1330 1215 sicariis
1357 1183 1538 1215 commi-nt
1561 1181 1599 1223 7,
1626 1181 1662 1223 1,
1720 1192 1721 1195 ¹

161 1228 186 1263 9
214 1227 260 1260 N.
295 1225 509 1259 adulterium
533 1236 607 1259 non
630 1225 792 1259 commisi
820 1229 860 1268 7,
887 1229 932 1269 2,
958 1229 1013 1261 11.
1051 1226 1096 1268 cs.
1123 1230 1168 1270 7,
1193 1228 1231 1270 3,
1258 1229 1290 1262 1.
1326 1225 1388 1272 qui
1415 1226 1564 1261 caedem
1587 1226 1663 1260 telo

161 1283 378 1318 quocunque
402 1271 645 1306 commiserint
669 1274 735 1314 10,
762 1273 804 1314 1,
834 1274 889 1306 12.
930 1271 975 1313 cs.
1000 1274 1043 1315 5,
1067 1276 1124 1315 12,
1149 1275 1184 1307 3.
1220 1284 1308 1308 1111111
1329 1273 1487 1318 prudens
1513 1271 1662 1316 caedem

160 1318 382 1354 commiserit
406 1321 451 1361 7,
478 1317 520 1360 4,
550 1317 609 1352 43.
655 1317 832 1351 incestum
866 1329 948 1351 cum
980 1316 1055 1352 filio
1087 1317 1318 1353 commissmn
1344 1321 1390 1363 5,
1418 1320 1486 1362 10,
1514 1319 1573 1354 19.
1613 1329 1662 1353 an

142 1364 393 1411 ‚parricidium
420 1363 638 1407 commiserit
661 1363 836 1398 Roscius?
861 1367 897 1407 7,
921 1367 956 1407 2,
980 1366 1013 1399 2.
1051 1363 1277 1418 sacrilegium
1302 1364 1532 1400 commissum
1559 1362 1658 1410 (esse)

160 1414 204 1446 ib.
233 1413 289 1446 18.
359 1409 397 1455 β)
429 1422 474 1444 an
503 1410 748 1444 commissa
776 1409 822 1444 sit
846 1410 993 1454 poena?
1032 1421 1079 1444 an
1109 1421 1187 1445 exi
1229 1410 1243 1445 i
1270 1411 1430 1449 debeat?
1451 1414 1494 1454 7,
1517 1409 1563 1454 4,
1590 1413 1658 1455 20;

156 1456 381 1502 (adversarii)
407 1467 513 1501 saepe
538 1455 730 1491 discrimen
754 1466 862 1490 omne
887 1456 1114 1499 committunt
1134 1457 1171 1501 6,
1196 1421 1234 1501 ᾗ,
1259 1458 1314 1492 17.
1375 1454 1410 1503 y)
1437 1456 1663 1491 committen-

157 1505 254 1538 dum.
267 1515 450 1548 nunquam
475 1509 548 1546 est,
574 1508 614 1536 ut
639 1503 928 1538 adversariorum
952 1502 1046 1539 dicta
1069 1514 1149 1538 cum
1173 1514 1240 1538 sua
1265 1502 1537 1539 confirmatione
1559 1503 1660 1538 refe-

153 1562 273 1585 ramus
297 1553 331 1593 5,
352 1551 413 1596 413,
438 1553 496 1584 27.
526 1548 571 1591 cf.
600 1551 633 1593 1,
664 1551 718 1593 10,
747 1551 803 1584 30.

110 1605 362 1648 Commode·
423 1617 484 1662 qui
507 1617 657 1652 ridicule
682 1618 943 1663 commodeque
968 1616 1054 1652 dicit
1077 1618 1120 1662 6,
1145 1619 1190 1662 3,
1217 1617 1296 1653 105.
1337 1618 1468 1652 comm.
1489 1599 1657 1665 fingimus
1705 1643 1728 1662 ⁴.

153 1667 191 1707 9,
214 1668 256 1707 2,
281 1666 337 1698 33.
377 1674 505 1698 comm.
530 1664 640 1698 inseri
665 1665 699 1707 9,
723 1663 759 1707 4,
789 1663 868 1699 145.
901 1675 1031 1699 versus
1057 1675 1186 1698 comm,
1216 1663 1325 1708 positi
1346 1664 1389 1707 6,
1413 1666 1449 1707 3,
1473 1664 1540 1708 96;
1573 1675 1656 1698 cum

153 1711 288 1755 aliquid
319 1710 606 1744 commodius
635 1711 862 1745 elimaverint
885 1713 920 1754 2,
946 1714 980 1754 7,
1006 1711 1028 1745 5
1054 1711 1102 1745 Ν.
1136 1711 1226 1757 haec
1244 1710 1467 1745 commodius
1490 1709 1529 1745 in
1546 1711 1656 1745 rebus

152 1769 261 1802 quam
287 1756 326 1790 in
353 1757 557 1791 nominibus
585 1758 805 1802 respondent
828 1759 874 1805 6,
902 1759 947 1801 3,
972 1755 1038 1799 543
1080 1756 1139 1791 cui
1167 1756 1394 1791 commodiss.
1429 1756 1656 1804 subjungitur

150 1807 187 1847 9,
214 1806 249 1848 3,
273 1804 329 1838 82.
370 1802 413 1844 cs.
439 1803 534 1847 4,1,
562 1804 617 1839 71
764 1810 772 1812 v
1389 1822 1391 1825 »

63 1864 67 1869 ”
107 1859 360 1902 00111111Οᾶ0·
408 1882 534 1906 aurum
557 1883 595 1905 se
616 1871 743 1906 Coelio
772 1872 1020 1906 commodasse
1045 1870 1079 1915 5,
1106 1873 1162 1914 13,
1189 1872 1248 1905 30.
1276 1870 1503 1923 commodare
1531 1868 1655 1915 (penw-

148 1919 245 2000 gam4)
278 1919 321 1962 6,
356 1919 402 1962 3,
446 1918 514 1962 64;
561 1925 834 1964 praeceptorem
863 1938 912 1944 —-
941 1918 991 1952 ita
1023 1929 1062 1952 se
1099 1917 1407 1952 commodaturum
1435 1917 1584 1966 singulis
1616 1920 1654 1962 2,

106 1992 403 2052 Coinmodum·
434 1995 494 2048 —.
507 2021 663 2056 alienum
689 2041 732 2048 —
758 2033 861 2055 suum
889 2025 947 2065 11,
975 2025 1010 2065 1,
1034 2021 1091 2057 75.
1120 2020 1166 2056 sit
1190 2020 1538 2064 incommodum,
1564 2020 1654 2056 inox

148 2068 237 2102 illud
266 2068 548 2111 comparabimus
577 2081 595 2102 c
610 2080 631 2103 o
644 2080 724 2102 mm
735 2079 756 2102 0
768 2069 811 2102 di
824 2081 840 2103 s
867 2071 901 2112 1,
926 2072 962 2112 2,
991 2069 1047 2103 15.
1082 2068 1099 2102 i
1111 2078 1195 2102 nco
1207 2077 1318 2101 mmo
1329 2067 1383 2101 da
1406 2066 1553 2102 vitantis
1574 2078 1655 2102 me-

147 2114 219 2148 lior
247 2125 352 2158 quam
381 2125 525 2148 comm
540 2126 561 2149 0
575 2116 596 2148 d
611 2127 631 2149 a
658 2115 812 2160 petentis
838 2121 892 2149 est
915 2127 1022 2149 causa
1044 2118 1079 2158 7,
1103 2113 1139 2157 4,
1167 2116 1242 2168 10.Ι

48 2207 56 2212 «
105 2176 381 2218 Commodus.
423 2185 633 2226 commoda,
665 2189 704 2217 ut
730 2184 880 2228 quisque
911 2185 1013 2217 locus
1038 2181 1253 2228 postulabit,
1280 2180 1535 2225 pronuntiandi
1559 2181 1653 2217 ratio

149 2238 217 2277 10,
247 2238 288 2277 1,
317 2237 370 2267 17.
417 2229 672 2275 commodioris
698 2230 913 2266 valetudinis
938 2231 981 2273 6,
1007 2232 1052 2273 3,
1081 2233 1139 2266 77.
1185 2227 1349 2263 dividere
1386 2229 1475 2275 haec
1515 2227 1649 2272 officia,

151 2279 479 2315 commodissimum
506 2278 542 2320 6,
568 2280 600 2319 1,
625 2278 661 2312 9.
1453 2278 1458 2282 ·

105 2336 384 2378 commoneo·
429 2346 542 2380 amice
568 2344 701 2389 aliquid
727 2354 995 2379 conunonemus
1020 2343 1062 2385 6,
1083 2345 1123 2384 1,
1148 2343 1205 2376 50.
1241 2342 1370 2374 horum
1391 2345 1575 2386 utcunque
1592 2341 1652 2376 lo-

150 2406 214 2429 cus
239 2399 444 2426 commonet
471 2396 527 2434 11,
554 2394 595 2434 2,
620 2391 666 2425 24
687 2391 734 2425 Ν.
772 2402 922 2434 quarum
945 2389 1150 2422 recordatio
1177 2392 1461 2420 commoneat
1489 2392 1525 2420 et
1551 2387 1652 2432 quasi

150 2440 326 2475 excitet
353 2438 561 2471 memoriam
590 2440 654 2480 11,
690 2439 730 2479 2,
767 2438 823 2471 28.
877 2434 1124 2482 grammaticos
1154 2433 1264 2467 officii
1293 2433 1348 2470 suj
1380 2443 1652 2468 commonemus

150 2490 193 2530 1,
221 2487 254 2528 5,
279 2489 313 2519 7.
351 2490 390 2517 ut
413 2484 649 2517 offensatione
672 2483 733 2516 illa
763 2486 1051 2516 commoneretur
1077 2483 1132 2522 11,
1154 2481 1189 2522 3,
1221 2481 1310 2522 13ος
1345 2478 1423 2523 qui,
1455 2474 1650 2526 'utkordini

149 2543 271 2567 rerum
297 2530 451 2564 animum
477 2529 657 2571 intendat,
694 2529 800 2562 etiam
826 2527 1106 2561 commonendus
1131 2530 1185 2558 est
1209 2524 1253 2569 4,
1286 2529 1329 2569 1,
1361 2526 1420 2560 78.
1458 2527 1649 2560 translatus
1693 2567 1696 2570 Δ

149 2579 301 2612 annulus
326 2580 572 2616 commoneat,
601 2586 683 2608 cur
708 2574 746 2608 id
769 2573 961 2609 fecerimus
989 2575 1047 2615 11,
1072 2574 1108 2614 2,
1137 2573 1193 2605 30.

104 2634 407 2677 commonitio.
454 2642 522 2676 erit
547 2652 620 2675 non
646 2641 780 2675 inutilis
808 2641 846 2674 in
876 2645 1039 2674 extrema
1061 2645 1163 2684 parte
1189 2636 1420 2684 (narrationis)
1447 2623 1649 2674 commoni-

148 2693 199 2726 tio
224 2691 259 2734 4,
283 2694 318 2733 2,
345 2691 400 2724 51.
444 2688 489 2741 sit
513 2689 603 2721 haec
629 2699 756 2720 comm.
772 2686 909 2765 cj'udicis
937 2686 986 2731 (al
1010 2690 1032 2720 l.
1066 2699 1128 2720 om.
1158 2683 1269 2731 jud.),
1301 2694 1374 2729 quo
1400 2697 1440 2720 so
1468 2687 1513 2720 ad
1540 2698 1649 2731 quae-
1696 2694 1699 2697 '

149 2738 300 2773 stionem
324 2735 440 2770 acrius
464 2734 623 2768 intendat
650 2732 685 2775 4,
709 2731 745 2775 4,
773 2758 807 2768 ι.

105 2783 412 2828 commoratio.
457 2794 521 2836 fig.
555 2794 638 2827 cxc.
660 2792 696 2835 9,
721 2793 754 2832 ι,
779 2792 835 2825 27.
866 2791 902 2834 9,
925 2791 961 2834 2,
983 2787 1019 2823 4.
