1728 3002
192 226 273 265 6⁷2
928 225 1031 269 Post

235 328 294 362 38.
322 323 358 368 ὃ)
383 328 583 371 amplificat,
611 330 823 362 antecedente
847 341 979 374 quam
994 336 1053 363 aut
1078 333 1319 366 Relativo:
1349 331 1578 368 continuabat
1602 345 1656 378 qu
1670 346 1728 368 am

234 373 404 417 posset
429 373 665 417 plurimos
693 386 821 410 versus
846 377 951 418 11,3‚
971 375 1028 411 54.
1054 378 1221 421 quales
1256 377 1423 421 utrinqne
1462 389 1542 414 esse
1576 379 1728 424 optimi

234 425 469 464 poterunt
491 423 525 463 7,
550 422 585 463 3,
611 423 670 455 20.
692 432 695 435 ·
719 421 837 455 omni
867 434 955 466 qua
979 428 1146 467 potest
1185 423 1307 470 gratia'
1326 422 1362 466 4,
1396 427 1433 467 2,
1467 424 1545 460 116.
1575 437 1728 470 moeror,

236 477 364 510 quem
389 477 604 500 summum
633 473 831 511 poterat
855 467 1001 503 efficere
1015 472 1050 511 2,
1071 471 1128 511 13,
1146 471 1200 503 13.
1227 475 1454 514 quantum
1484 470 1728 515 'plurimum

234 512 422 556 poterit
447 516 503 555 12,
527 513 562 556 9,
590 514 633 548 15
658 526 689 547 v.
721 515 958 559 Quantus.
1014 514 1046 559 ε)
1089 517 1279 559 Conjunct..·
1315 527 1435 561 neque
1465 516 1566 551 illlun
1595 518 1728 553 tristem

235 576 279 583 —
313 569 457 601 sperare
490 559 624 603 possim
661 561 750 604 (Sp.
778 561 947 605 possum)
982 567 1124 596 erectae
1158 562 1253 596 circa
1283 562 1400 596 studia
1424 563 1553 598 mentis
1586 564 1667 599 fore
1695 568 1728 609 1,

234 606 268 646 3,
295 607 339 638 10
364 609 408 638 Ζ.
456 605 618 649 possis
642 605 729 639 illud
755 608 1042 653 grammaticum,
1070 610 1140 642 hoc
1169 608 1390 643 rhetoricum
1412 610 1525 656 magis
1552 609 1672 645 dicere
1695 613 1728 654 9,

233 653 267 692 3,
292 654 326 685 2.
355 661 437 684 nam
461 651 498 684 id
522 663 607 686 sane
632 653 794 687 doctrina
818 654 968 698 possit
999 655 1056 695 (a.
1083 659 1105 688 l.
1133 654 1282 699 posset)
1307 665 1438 701 augere
1471 657 1508 699 6,
1541 658 1576 700 3,
1615 659 1660 690 12
1683 658 1728 691 N.

233 711 279 731 cr.
315 703 476 731 oratores
511 709 602 733 vero
635 700 697 734 vel
738 700 930 744 praecipue
973 700 1136 734 Latinam
1178 702 1420 745 eloquentiam
1456 713 1578 747 parem
1609 703 1728 739 facere

235 744 394 778 Graecae
423 745 614 788 possint
643 745 704 788 (α.
731 751 753 780 l.
779 748 947 790 possunt)
974 749 1029 790 10,
1056 751 1090 790 1,
1122 748 1200 782 105.
1247 747 1278 782 si
1302 747 1389 792 quid
1413 748 1546 782 exierit
1575 749 1728 784 numeris

231 789 371 834 aptius;
404 791 558 825 fortasse
584 802 658 825 non
683 793 862 836 possit;
902 794 966 827 sed
989 800 1110 827 tamen
1142 793 1174 827 si
1205 793 1293 838 quid
1329 793 1459 828 exierit
1491 797 1548 837 12,
1576 797 1639 842 ,10,
1673 796 1728 830 26.

231 837 388 881 possit
415 837 453 870 in
470 838 688 872 actionibusi
721 839 806 883 quid
831 840 893 874 fiet
915 841 953 873 in
978 839 1208 874 altercatione
1234 843 1290 882 12,
1320 841 1356 883 3,
1390 841 1423 874 3.
1470 841 1551 875 Jtun
1582 839 1728 875 multum

231 882 302 916 acti
329 889 405 917 est:
442 890 602 927 posset
627 885 755 929 aliquis
780 896 854 920 non
881 885 1043 928 affuisse,
1078 891 1113 920 et
1144 887 1251 920 heres
1274 896 1355 920 esse
1390 889 1426 929 7,
1455 890 1490 930 1,
1521 888 1568 921 50
1599 888 1647 921 Ν.
1682 900 1728 922 cr.

232 937 263 962 et
289 931 348 971 S.;
382 940 463 963 cum
488 937 655 974 posset
689 933 805 975 palam
839 943 996 979 negare,
1028 931 1171 975 Credo,
1210 932 1346 976 inquit,
1386 938 1422 966 et
1450 943 1577 967 verum
1611 937 1666 966 est
1693 933 1728 976 6,

230 977 265 1018 3,
293 974 350 1010 94.
378 975 421 1016 cf.
451 980 530 1013 111.
580 978 656 1023 Ego
682 979 742 1012 vel
766 980 836 1012 hoc
860 990 934 1012 uno
959 979 1053 1013 malo
1077 978 1130 1012 sic
1154 989 1254 1013 eram
1283 978 1453 1019 affectus,
1496 983 1537 1013 nt
1567 989 1626 1012 me
1660 979 1728 1023 jam

230 1023 326 1055 nulla
356 1023 501 1056 fortuna
525 1030 690 1067 posset
714 1024 858 1059 efficere
883 1025 1025 1059 felicem
1049 1026 1084 1067 6,
1109 1026 1167 1059 Pr.
1199 1027 1242 1067 53
1293 1025 1527 1070 Quantum
1557 1025 1728 1068 possis,

228 1068 268 1101 in
291 1078 335 1102 eo
360 1080 502 1113 semper
526 1070 715 1114 experire,
751 1077 790 1104 ut
818 1071 932 1114 prosis
968 1073 1011 1114 9,
1051 1073 1090 1113 3,
1123 1071 1180 1106 76.
1229 1081 1310 1105 cnr
1334 1080 1427 1104 non
1458 1071 1585 1115 aliquis
1623 1071 1728 1105 etiam

229 1126 322 1148 unus
347 1122 536 1159 utrumque
561 1116 733 1161 consequi
756 1118 906 1161 possit
933 1121 988 1160 12,
1012 1120 1042 1160 1,
1066 1119 1123 1151 31.
1152 1117 1251 1150 illam
1265 1117 1523 1161 jucunditatem
1548 1117 1728 1151 inaffecta-

230 1167 314 1202 tam‚
340 1162 404 1195 sed
430 1174 556 1206 quam
579 1165 677 1196 nulla
698 1164 872 1209 consequi
897 1163 1075 1197 affectatio
1105 1163 1261 1208 possit
1283 1165 1339 1206 10,
1362 1166 1394 1206 1,
1414 1164 1473 1198 82.
1501 1164 1728 1208 quomodo

228 1207 397 1241 sufficere
427 1208 556 1242 officiis
577 1210 743 1244 civilibus
760 1210 921 1254 possit
944 1212 998 1253 10,
1023 1212 1057 1253 3,
1082 1213 1137 1243 11.
1173 1209 1207 1253 ζ)
1223 1211 1360 1243 India.
1389 1222 1451 1253 pro
1479 1209 1702 1254 Conjunc'i.
1717 1224 1728 1244 .·

229 1253 270 1286 si
295 1254 555 1297 pnlsasses,
585 1257 731 1289 defendi
756 1267 828 1289 non
854 1263 1048 1300 poteras
1082 1257 1117 1298 6,
1147 1259 1182 1299 2,
1214 1257 1279 1292 23.
1331 1260 1561 1300 potuerat
1593 1257 1727 1297 (codd.

227 1299 386 1343 potuerit
398 1301 427 1341 ),
453 1301 493 1333 si
518 1307 656 1344 tempus
682 1304 725 1334 ad
754 1303 1015 1346 disponendum
1038 1302 1216 1335 fuisset
1252 1303 1288 1344 6,
1311 1300 1348 1345 4,
1387 1300 1431 1335 14
1461 1302 1508 1336 N.
1546 1305 1594 1336 «ir.
1624 1307 1659 1335 εὶ
1679 1303 1727 1336 vS.

226 1351 434 1389 possunt
459 1346 575 1380 videri
601 1347 636 1379 in
662 1353 761 1390 parte
786 1350 952 1391 ponenda
989 1347 1252 1392 perspicuitatis
1284 1363 1331 1370 -—
1357 1348 1434 1394 Ego
1457 1352 1575 1381 tamen
1602 1354 1665 1381 etc.
1695 1348 1728 1388 8,

226 1394 262 1433 2,
288 1393 345 1424 11.
394 1392 420 1424 Ρ
435 1401 589 1425 ossum
613 1392 734 1426 dicere
759 1393 873 1436 (fig.)
901 1397 934 1436 9,
960 1396 995 1436 2,
1019 1393 1077 1427 47.
1104 1404 1268 1434 omnem,
1294 1404 1401 1436 quem
1425 1403 1474 1426 ex
1495 1391 1642 1439 ingenio
1662 1403 1728 1428 suo

226 1442 449 1480 poterant
474 1438 533 1481 (a.
562 1442 582 1471 l.
609 1444 809 1486 potuerant,
823 1443 869 1472 al.
900 1439 1118 1482 potuerunt)
1141 1439 1287 1480 habere,
1313 1443 1481 1472 conatum
1512 1440 1545 1480 5,
1571 1440 1627 1481 10,
1660 1441 1726 1474 101

226 1484 275 1516 Ν.
302 1496 347 1516 cr.
375 1490 405 1516 et
432 1485 469 1517 5.
516 1484 758 1518 altercationis
783 1491 973 1528 praecepta
998 1489 1220 1528 poterant
1243 1483 1373 1526 videri,
1402 1489 1488 1518 tnnc
1510 1483 1726 1529 inchoanda,

226 1540 309 1563 cum
338 1529 458 1563 omnia
482 1530 700 1577 peregissem
725 1532 760 1574 6,
787 1530 822 1574 4,
850 1533 883 1565 1.
910 1530 956 1572 cs.
984 1533 1018 1573 3,
1042 1532 1076 1572 8,
1102 1531 1158 1564 42.
1193 1530 1228 1572 6,
1262 1530 1322 1563 Pr.
1351 1531 1386 1566 9.
1434 1529 1599 1573 potuit
1632 1531 1728 1569 enim

225 1575 278 1608 sic
303 1575 471 1609 constitui
492 1576 719 1611 ratiocinatio
743 1578 778 1620 5,
806 1576 864 1620 14,
891 1581 948 1611 12.
973 1582 1009 1610 et
1035 1576 1152 1620 decipi
1177 1574 1337 1620 potuit
1358 1576 1394 1619 7,
1417 1578 1454 1619 2,
1478 1577 1533 1610 53.
1559 1575 1606 1617 cs.
1630 1580 1664 1620 7,
1690 1578 1728 1622 3,

226 1621 281 1656 34.
310 1624 364 1664 12,
400 1625 455 1665 10,
490 1624 544 1657 55.
606 1622 647 1666 η)
681 1627 704 1658 ί.
735 1638 766 1668 q.
799 1627 947 1657 valeo.-
994 1622 1230 1667 quidquid
1259 1621 1334 1655 illio
1366 1627 1517 1666 possunt
1555 1625 1590 1666 1,
1624 1624 1660 1665 3,
1688 1622 1726 1658 4.

225 1667 420 1702 nimium
449 1681 577 1713 quam
600 1670 639 1703 in
663 1670 788 1703 animis
813 1669 998 1703 hominum
1031 1674 1151 1713 potest
1181 1666 1218 1710 4,
1249 1670 1287 1711 2,
1324 1669 1381 1702 70.
1412 1669 1520 1713 plus
1553 1666 1728 1703 invidiam

224 1726 331 1759 quam
359 1716 567 1750 convicium
589 1727 696 1760 posse
720 1718 754 1759 6,
778 1719 814 1759 2,
842 1717 895 1750 16.
927 1714 997 1759 [cs.
1028 1718 1084 1758 12,
1112 1716 1168 1757 10,
1187 1716 1233 1749 50
1257 1714 1304 1748 Ν.
1333 1726 1381 1748 cr.
1406 1721 1438 1747 et
1467 1712 1528 1759 S.]
1557 1718 1728 1759 exempla

223 1761 351 1805 pluri
365 1773 399 1794 m
414 1773 484 1794 um
507 1762 544 1795 in
570 1762 730 1797 consiliis
755 1767 907 1808 possunt
929 1764 963 1805 3,
985 1763 1020 1806 8,
1048 1762 1106 1798 36.
1131 1759 1261 1805 quodsi
1283 1759 1322 1794 in
1342 1760 1456 1794 rebat
1473 1779 1520 1787 —
1541 1765 1728 1796 tantum

222 1818 367 1851 possum
397 1811 454 1851 11,
480 1810 514 1851 3,
540 1810 574 1844 5.
1360 1821 1363 1825 '

177 1853 292 1895 Post·
350 1866 382 1906 1)
405 1867 628 1900 Adverb..-
662 1877 754 1910 quae
778 1871 860 1909 post
883 1863 1103 1909 proposituri
1139 1862 1232 1907 (Sp.
1268 1861 1425 1907 dicturi)
1460 1862 1591 1897 erimus
1619 1861 1672 1906 4,·
1688 1865 1728 1908 3,

224 1914 270 1945 10
296 1915 337 1945 Z.
363 1923 397 1955 p.
420 1912 479 1955 (a.
506 1916 528 1945 l.
556 1911 706 1956 postea)
734 1914 859 1946 subeat
883 1911 974 1945 ratio
1000 1910 1204 1944 collocandi
1228 1911 1285 1950 10,
1313 1908 1350 1952 4,
1378 1911 1412 1944 5.
1438 1908 1546 1943 iidem
1574 1910 1728 1953 primo

223 1959 339 1992 solum
366 1957 435 1991 iter
459 1959 607 1991 credant
633 1969 734 2001 esse,
772 1958 810 1991 in
833 1958 930 2002 quod
953 1957 1187 1998 inducentur,
1218 1960 1326 1999 post
1349 1954 1448 1999 (Sp.
1487 1954 1597 1997 mox)
1632 1954 1728 2002 illud:

223 2002 402 2051 cognituri
427 2004 532 2038 etiam
556 2004 729 2048 optimum
752 2006 787 2045 8,
812 2006 871 2038 Pr.
896 2002 921 2038 4
945 2007 989 2038 Ζ.
1037 2004 1082 2036 de
1116 2001 1380 2046 propositorum
1410 1999 1619 2036 diversitate
1643 2007 1728 2045 post:

220 2051 405 2094 paulum
428 2051 463 2093 9,
487 2050 522 2092 4,
548 2053 603 2085 19.
631 2051 703 2085 Sed
731 2051 775 2084 de
801 2051 941 2084 ratione
967 2048 1186 2083 declamandi
1209 2059 1243 2092 p.
1270 2047 1457 2092 paulum
1480 2048 1572 2090 (Sp.
1596 2036 1728 2096 paulo}

220 2099 257 2139 2,
286 2097 320 2138 5,
350 2100 366 2129 1
395 2100 437 2131 Ζ.
463 2098 518 2138 (in
548 2100 666 2141 quibus
694 2105 804 2130 tamen
831 2099 958 2130 duobus
988 2097 1068 2128 locis
1097 2097 1202 2137 possit
1241 2097 1340 2127 etiam
1367 2096 1572 2136 praepositio
1607 2091 1698 2137 esse)
1724 2098 1728 2103 ’

222 2144 266 2176 de
293 2143 422 2186 quibus
446 2144 583 2186 paulo
613 2155 649 2188 p.
678 2143 793 2176 dicam
819 2144 854 2186 9,
881 2145 914 2185 1,
955 2142 998 2176 14
1021 2153 1054 2174 v.
1086 2141 1287 2174 Paulusc
1313 2138 1495 2174 Deinde
1521 2140 1663 2183 paulo
1685 2149 1709 2184 p

219 2192 255 2231 2,
283 2191 338 2230 15,
363 2191 419 2223 32.
446 2190 557 2236 longo
581 2201 615 2234 p.
642 2189 834 2227 intervallo
854 2190 890 2231 9,
915 2190 950 2231 3,
983 2187 1041 2221 40.
1074 2189 1130 2227 10,
1163 2190 1196 2229 1,
1227 2188 1283 2221 75.
1331 2183 1568 2229 II),Praepos.
1621 2184 1662 2229 a)

220 2236 293 2268 fata
321 2237 377 2277 12,
403 2238 460 2275 11,
483 2239 518 2270 7.
542 2248 577 2280 p.
603 2235 678 2270 dies
706 2238 839 2279 paucOs
863 2236 898 2276 6,
926 2238 961 2277 3,
985 2235 1041 2268 61.
1065 2231 1110 2273 cs.
1140 2235 1196 2275 12,
1220 2232 1256 2274 9,
1282 2231 1336 2265 16.
1369 2243 1403 2275 p.
1423 2237 1574 2283 'tempus
1598 2233 1656 2273 11,

221 2285 275 2316 17.
302 2293 335 2325 p.
368 2282 480 2315 breve
503 2288 642 2325 tempus
669 2281 830 2322 continui
854 2282 952 2314 lusus
978 2282 1011 2322 1,
1041 2281 1096 2320 12,
1123 2281 1177 2312 10.
1227 2288 1320 2321 quae
1344 2278 1396 2310 ab
1420 2287 1528 2321 ipso
1554 2293 1599 2320 -χ
1628 2287 1680 2329 qn·

217 2339 254 2372 p.
282 2339 301 2361 e
317 2339 386 2360 um
411 2334 488 2362 acta
518 2334 638 2362 essent
666 2329 701 2370 8,
726 2330 783 2361 Pr.
812 2329 846 2362 8.
890 2337 1008 2370 neque
1035 2330 1115 2368 post
1140 2323 1342 2357 Lucretium
1370 2333 1412 2356 ac
1447 2323 1611 2356 Macrum
1634 2323 1669 2358 V

219 2373 344 2420 gilius,
380 2385 448 2407 nec
473 2380 555 2418 post
580 2374 748 2409 Crassum
774 2380 808 2407 et
832 2371 1066 2407 Hortensium
1095 2369 1236 2411 Cicero,
1260 2370 1324 2403 sed
1349 2379 1417 2403 nec
1442 2368 1518 2412 illi,
1551 2368 1612 2413 qni
1638 2380 1662 2413 p

220 2430 282 2453 eos
314 2421 460 2454 fuerunt
485 2423 580 2463 (Sp.
621 2421 680 2454 alii
704 2425 830 2464 postea
856 2418 1027 2458 vicerint)
1054 2420 1110 2458 12,
1141 2420 1196 2459 11,
1226 2418 1270 2450 27
1294 2419 1336 2449 Ζ.
1366 2414 1411 2456 cs.
1439 2417 1494 2457 10,
1522 2417 1554 2457 1,
1577 2415 1635 2449 65.
1662 2418 1678 2448 1

218 2467 252 2508 3,
282 2468 360 2500 143.
383 2479 419 2510 p.
451 2478 557 2510 quem
574 2473 692 2501 tacere
712 2465 1010 2500 modestissimum
1035 2464 1130 2496 foret
1154 2465 1188 2506 3,
1215 2465 1248 2505 1,
1269 2463 1327 2496 20.
1354 2460 1399 2503 cs.
1425 2463 1480 2504 10,
1507 2462 1541 2503 1,
1563 2463 1652 2513 1223
1700 2496 1701 2499 ,

217 2511 445 2546 intervallum
475 2515 531 2555 10,
550 2512 584 2556 4,
609 2516 642 2548 2.
687 2512 725 2558 β)
747 2512 880 2556 aliquid
899 2510 979 2544 cavi
999 2509 1168 2553 relinquit
1199 2507 1365 2559 (lapillus)
1387 2518 1422 2550 p.
1449 2508 1536 2541 hoc
1561 2517 1662 2551 ipsu

219 2559 315 2599 quod
343 2559 541 2592 offenderat
580 2562 636 2600 11,
667 2561 702 2602 3,
739 2561 797 2591 21.
846 2568 926 2591 una.
942 2568 976 2600 p.
1002 2557 1119 2589 haec
1144 2572 1187 2579 —
1210 2565 1274 2598 spe
1301 2553 1439 2605 nitebar
1461 2553 1497 2595 6,
1522 2553 1581 2603 Prt
1612 2552 1646 2586 9.

217 2614 251 2645 p·
277 2606 396 2646 quod
427 2605 514 2638 nihil
543 2605 726 2649 quaeritur
752 2607 787 2647 3,
814 2606 871 2646 11,
900 2604 932 2638 9,
963 2603 1008 2643 ο].
1033 2604 1089 2644 10,
1117 2603 1149 2638 5.
1185 2601 1229 2643 63
1269 2608 1488 2649 proxxma
1518 2598 1602 2631 huic
1634 2608 1658 2631 n

216 2648 308 2681 ratio
328 2669 373 2675 —
398 2652 597 2693 propositio
623 2658 728 2696 post
751 2651 870 2684 hanc
895 2665 942 2671 —-—
965 2654 1054 2682 tum
1079 2653 1197 2681 certus
1222 2647 1311 2680 ordo
1337 2649 1583 2695 quaestionum
1606 2645 1641 2695 2,
1659 2646 1676 2677 1

221 2697 253 2727 1.
279 2695 386 2728 Post
412 2697 523 2730 haec
547 2714 590 2720 -
617 2697 787 2730 deinde
812 2714 858 2725 -ι
880 2693 1155 2730 novissime
1189 2694 1222 2734 3,
1247 2693 1282 2733 6,
1302 2690 1363 2724 24.
1411 2695 1519 2722 utin
1544 2700 1686 2732 prun-⁴

220 2740 352 2774 annis
386 2743 590 2775 laudaretur
622 2743 784 2785 indoles,
831 2747 925 2774 tum
957 2739 1186 2783 disciplinae,
1229 2741 1340 2781 post
1370 2736 1461 2787 hoc
1481 2745 1645 2787 ‘operum

218 2792 409 2821 contextus
434 2789 467 2828 3,
494 2790 527 2829 7,
559 2790 612 2822 15.
639 2790 665 2821 Ρ
680 2796 750 2822 ost
778 2790 894 2821 haec
917 2787 1087 2821 intuenda
1109 2784 1280 2819 videntur
1301 2786 1338 2816 et
1361 2782 1513 2816 consilia
1536 2798 1583 2805 —
1609 2790 1665 2826 po

217 2833 337 2867 haec
366 2852 409 2859 —-
434 2838 687 2877 praeterea
717 2838 750 2876 7,
779 2836 815 2877 2,
839 2832 896 2867 42.
