1728 3002
133 188 214 227 700
674 180 867 223 Procella
897 206 951 212 —
979 181 1118 234 l‘rodo

176 300 249 343 jam
273 307 382 341 opere
410 298 464 338 10,
503 299 535 337 1,
561 293 595 329 4.
641 293 688 335 cf.
721 293 765 338 4,
798 296 856 329 Pr.
891 295 935 337 6;
978 308 1045 340 seq.
1080 302 1142 329 ui:
1184 294 1362 329 simulatio
1396 297 1482 330 huc
1526 308 1666 340 usqne

175 344 361 425 grofgdit,
393 348 439 375 ut
466 349 529 377 esc.
556 343 590 383 5,
617 343 672 384 13,
696 343 754 376 22.
800 342 895 376 unde
918 353 1126 385 eousque
1150 351 1356 386 processum
1379 347 1453 385 est,
1485 349 1607 391 utxetc.
1633 344 1668 385 9,

203 417 213 432 ‚
286 413 295 423 .

131 434 338 477 procella·
396 444 605 479 contionum
635 444 812 486 procellas
843 442 1009 487 (tropus)
1041 445 1076 486 8,
1111 444 1145 486 6,
1186 447 1209 478 7
1234 444 1288 498 ΙΝ.
1334 443 1541 489 priusquam
1571 443 1669 478 illam

179 491 403 536 eloquentiae
429 491 623 535 procellam
647 490 846 524 effunderet
870 492 925 533 11,
950 493 985 533 3,
1016 492 1094 525 158.

130 537 373 580 Procinctu.
421 552 641 582 armatum
667 558 708 580 ac
730 546 900 581 velutin
933 549 1189 591 procinctu
1234 553 1428 582 stantem
1456 545 1681 590 (oratorem)-

180 599 235 638 12,
255 599 290 638 9,
315 598 372 629 21.
399 595 467 628 nisi
491 593 534 627 in
559 594 815 637 procinctu
840 599 1134 639 paratamque
1161 595 1206 628 ad
1233 605 1357 629 omnes
1380 605 1481 628 casus
1508 592 1671 629 habuerit

179 641 417 684 eloquentiam
447 643 501 682 10,
529 642 561 682 1,
589 641 622 672 2.

131 686 368 728 proclamo.
425 699 532 732 orbos
563 696 763 741 viduasque
794 695 833 730 in
863 695 950 740 ipsis
985 697 1173 731 funeribus
1204 707 1338 731 canoro
1374 697 1527 741 quodam
1559 695 1669 730 modo

178 747 435 788 proclmnantes
463 746 519 786 11,
543 744 576 784 3,
601 744 681 776 170.

131 789 354 880 onclivis.
411 801 477 834 erit
518 800 628 844 judex
662 816 704 823 -
737 797 833 832 circa
864 799 1074 833 modestiam
1107 797 1194 843 juris
1228 798 1439 844 probatione
1473 797 1671 844 proclivior

204 874 213 889 ,
241 850 275 891 5,
301 852 359 887 21,

129 891 332 934 Procrco.
380 904 410 938 si
434 892 512 948 quis
537 902 671 936 liberos
698 912 890 947 procreare
917 903 1018 937 volet
1041 904 1076 945 3,
1103 903 1138 946 8,
1161 901 1220 936 24.
1275 908 1280 909 ’

130 947 301 991 Procul.
328 961 368 1004 α)
389 963 599 1005 simplicirer:
624 971 678 1003 pr.
703 959 942 993 abominanda
962 958 1157 1005 negotiatio
1175 962 1231 1001 12,
1249 962 1284 999 7,
1309 960 1364 992 11.
1389 959 1486 1003 quod
1501 969 1554 1001 pr.
1578 956 1669 992 absit
1723 967 1728 970 ·

175 1010 233 1050 12,
259 1011 316 1051 10,
348 1011 403 1045 12.
427 1020 478 1052 pr.
503 1006 722 1040 intuentibus
747 1009 803 1048 12,
826 1008 861 1048 3,
885 1007 919 1040 6.
966 1004 1005 1050 β)
1032 1018 1060 1038 c.
1085 1009 1248 1049 Praepos.
1274 1007 1344 1039 ab:
1379 1011 1416 1043 a)
1441 1017 1463 1038 a
1487 1004 1591 1038 litore
1613 1015 1668 1047 pr.

174 1054 387 1088 videbamur
411 1057 467 1094 12,
492 1055 549 1087 Pr.
575 1056 609 1086 2.
656 1052 717 1096 qui
740 1058 811 1086 tam
837 1063 892 1096 pr.
920 1062 940 1084 a
964 1057 1067 1095 portu
1090 1051 1298 1086 recessisset
1319 1053 1362 1084 ib.
1384 1053 1419 1086 3.
1445 1060 1521 1084 non
1546 1061 1597 1099 pr.
1623 1050 1668 1083 ab

177 1109 242 1134 ore
272 1107 331 1134 aut
355 1113 373 1134 a
397 1106 546 1145 pectore
569 1099 724 1132 refertur
748 1099 792 1132 ad
823 1109 890 1132 nos
916 1109 1042 1131 manns
1079 1100 1136 1140 11,
1167 1099 1201 1140 3,
1235 1097 1292 1132 96.
1339 1095 1377 1137 b)
1401 1107 1525 1131 omnes
1558 1107 1613 1140 pr.
1649 1103 1671 1128 a

175 1157 215 1179 se
239 1147 385 1191 reliquit
410 1149 465 1189 10,
493 1149 525 1189 1,
553 1148 609 1180 51.
654 1151 725 1178 tam
748 1156 802 1189 pr.
839 1157 859 1178 a
891 1143 1137 1188 concipiendis
1175 1151 1296 1178 rerum
1327 1141 1537 1190 imaginihus
1571 1142 1671 1176 abest

1684 1056 1728 1116 st

176 1193 213 1234 8,
238 1195 271 1235 3,
297 1193 364 1228 64.’
382 1198 451 1226 tam
475 1204 530 1236 pr.
562 1203 580 1224 a
609 1191 815 1237 cognitione
839 1201 964 1224 eorum
990 1197 1149 1224 remotus
1173 1192 1229 1231 10,
1267 1191 1392 1233 1,,57.
1430 1200 1497 1223 nec
1530 1199 1585 1232 pr.
1623 1187 1669 1220 ab

175 1238 247 1271 hoc
274 1249 406 1284 genere
431 1238 582 1271 discedit
606 1237 815 1279 μετωνυμιά
840 1237 875 1278 8,
900 1238 934 1279 6,
962 1238 1020 1271 23.
1068 1247 1121 1280 pr.
1146 1236 1190 1270 ab
1213 1235 1288 1278 ira,
1318 1246 1374 1280 pr.
1399 1236 1443 1269 ab
1467 1234 1552 1268 odio
1576 1233 1611 1276 6,
1634 1235 1670 1275 2,
1716 1250 1728 1282 q

178 1282 234 1316 14.
260 1284 338 1327 quis
366 1291 438 1317 tam
458 1296 512 1327 pr.
539 1295 558 1316 a
583 1283 711 1324 literis,
737 1283 847 1326 quin
873 1290 932 1315 etc.
963 1286 996 1320 7,
1025 1285 1056 1324 1,
1082 1282 1139 1316 46.
1166 1283 1210 1316 ab
1235 1285 1377 1316 oratore
1400 1292 1482 1315 meo
1501 1292 1555 1325 pr.
1580 1278 1671 1312 absit
1719 1287 1728 1349 ¹3

177 1331 236 1371 11,
261 1332 295 1372 3,
324 1331 401 1364 136.
428 1340 486 1362 res
510 1340 563 1372 pr.
592 1329 635 1361 ab
661 1328 898 1361 ostentatione
914 1328 1047 1371 positas
1070 1329 1128 1361 Pr.
1153 1326 1186 1361 4.
1211 1339 1292 1361 cum
1315 1338 1389 1360 non
1411 1339 1464 1371 pr.
1494 1325 1668 1360 aratione

176 1375 322 1418 jocandi
347 1376 536 1409 abhorreat
560 1376 594 1415 9,
620 1377 654 1414 2,
683 1376 738 1407 78.
764 1384 838 1407 non
864 1384 918 1417 pr.
948 1375 992 1406 ab
1016 1374 1084 1406 hac
1104 1373 1328 1406 simulatione
1350 1373 1386 1414 9,
1411 1375 1448 1414 2,
1469 1373 1525 1406 51.
1551 1383 1573 1404 a
1596 1382 1668 1415 quo
1716 1387 1718 1390 ⁴

178 1422 358 1455 schemate
388 1431 462 1454 non
485 1431 539 1464 pr.
564 1421 662 1452 abest
686 1419 772 1458 illa,
814 1430 905 1462 quae
930 1418 1058 1452 dicitur
1081 1419 1353 1451 communicatio
1397 1419 1451 1458 ib.
1485 1419 1541 1450 20.
1578 1417 1668 1451 haec

131 1466 133 1468 ’
177 1467 388 1501 exercitatio
421 1478 475 1510 pr.
503 1477 523 1499 a
548 1465 700 1499 veritate
731 1465 891 1506 seiuncta
913 1465 947 1506 8,
973 1466 1007 1506 3,
1036 1466 1092 1498 23.
1139 1475 1214 1497 non
1237 1463 1309 1497 tam
1338 1475 1391 1507 pr.
1427 1463 1668 1497 recedendum

177 1524 198 1546 a
224 1514 377 1558 propriis
407 1518 442 1546 et
467 1511 712 1546 communibus
736 1513 792 1548 12.
820 1513 875 1552 10,
897 1510 954 1543 42.
1002 1509 1041 1554 y)
1070 1523 1100 1543 c.
1124 1512 1261 1544 Abzat..·
1297 1520 1351 1554 pr.
1379 1509 1667 1563 contentionibus
1693 1537 1697 1539 -

177 1562 234 1602 12,
263 1563 318 1600 11,
346 1563 381 1594 7.
427 1570 482 1603 pr.
508 1557 615 1591 dubio
642 1559 674 1599 1,
699 1556 730 1597 5,
761 1556 817 1590 14.
863 1557 900 1599 9,
926 1559 959 1598 1,
983 1558 1040 1591 27.

130 1603 384 1646 Procumbo.
432 1621 525 1649 tecta
546 1626 653 1658 super
681 1614 880 1647 habitantes
904 1612 1094 1656 aliquando
1122 1612 1359 1656 procumbunt
1383 1614 1419 1655 2,
1445 1612 1501 1655 16,
1523 1612 1559 1649 6.

130 1659 392 1703 procuratio·
440 1674 532 1707 male
558 1678 677 1719 gestae
701 1669 962 1715 procurationis
997 1668 1254 1714 (controversia)
1280 1673 1316 1713 7,
1341 1663 1382 1713 4,
1403 1670 1461 1704 35.

130 1716 401 1760 Procurator.
465 1730 495 1764 si
520 1730 625 1763 fidem
650 1730 754 1764 (lebet
778 1735 922 1771 tutor,
950 1728 1072 1772 utique
1097 1732 1132 1760 et
1157 1737 1285 1770 proc.
1310 1729 1342 1760 ib
1371 1728 1434 1762 73.
1458 1733 1669 1771 procurato—

176 1786 252 1809 rem
274 1777 335 1810 tibi
366 1787 444 1811 esse
471 1772 544 1810 no'n
573 1775 686 1818 licuit,
711 1787 828 1820 neque
852 1776 904 1809 ini
930 1793 975 1801 -
1020 1772 1152 1807 habere
1178 1779 1445 1817 procuratorem
1469 1772 1506 1818 4,
1525 1774 1561 1817 4,
1576 1774 1600 1809 6
1623 1778 1665 1809 Z.

177 1833 275 1864 proc.
301 1823 449 1867 alicujus
473 1822 660 1867 pecuniam
684 1822 771 1866 petit
796 1833 843 1856 ex
869 1823 1021 1856 foenore
1046 1817 1269 1854 hereditario
1287 1821 1330 1862 7,
1359 1821 1402 1862 1,
1430 1819 1486 1854 19.
1594 1821 1598 1827 ’

130 1865 372 1910 procursio.
419 1882 452 1922 I)
473 1883 611 1924 proprie
635 1883 790 1924 pedum
813 1882 846 1912 in
870 1880 1020 1922 erg-endor
1060 1887 1115 1919 pr.
1138 1881 1337 1921 opportuna
1364 1876 1512 1920 brevis,
1541 1879 1668 1913 mode·

175 1933 265 1968 rata,
293 1938 373 1960 rara
398 1930 453 1970 11,
472 1930 507 1970 3,
526 1928 592 1961 126
617 1928 663 1960 N.
713 1927 764 1970 11)
787 1929 904 1960 transl.
934 1928 958 1958 i.
986 1938 1019 1970 q.
1044 1924 1290 1965 digressio.-
1323 1927 1406 1967 post
1428 1924 1667 1959 narrationem

174 1970 236 2005 illa
259 1983 312 2016 pr.
340 1971 375 2015 4,
402 1975 436 2016 3,
461 1974 495 2008 9.

131 2015 425 2072 Prodigiosus.
506 2029 717 2062 distorta
751 2034 788 2062 et
814 2037 1028 2072 quocunque
1061 2026 1172 2071 modo
1206 2024 1480 2072 prodigiosa
1511 2019 1665 2070 corpora

177 2080 223 2118 2,
260 2078 304 2117 5,
339 2078 392 2110 11.
440 2074 726 2121 prodigiosa
749 2081 785 2109 et
820 2072 1051 2109 monstris
1089 2071 1305 2118 insignia
1329 2082 1480 2116 corpora
1511 2075 1544 2114 1,
1569 2075 1601 2116 1,
1626 2074 1662 2107 2.

178 2122 222 2163 cf.
249 2122 283 2162 8,
309 2123 342 2163 3,
368 2121 426 2156 84.

131 2166 165 2207 P
168 2167 394 2222 rodigium·
443 2178 473 2213 si
498 2190 603 2223 quam
625 2177 664 2212 in
688 2177 898 2222 corporibus
921 2174 1052 2211 nostris
1076 2173 1276 2209 aliorumve
1299 2173 1505 2208 animalium
1529 2179 1666 2218 partem

178 2230 357 2266 permutes
383 2230 418 2260 et
453 2226 667 2266 transferas,
702 2224 788 2257 licet
810 2223 938 2257 habeat
962 2223 1038 2256 ead.
1067 2221 1208 2263 onmia,
1248 2220 1448 2266 prodigium
1478 2220 1524 2254 sit
1546 2226 1666 2255 tamen
1694 2263 1696 2266 v

178 2275 212 2313 7,
237 2271 293 2303 Pr.
321 2274 355 2304 2.
409 2271 652 2305 admirabilem
678 2269 888 2314 (orationem)
912 2279 986 2304 non
1010 2266 1082 2309 sic,
1107 2267 1288 2311 quomodo
1313 2265 1473 2312 prodigia
1494 2265 1666 2300 miramur

178 2318 213 2359 8,
242 2317 297 2350 Pr.
324 2318 380 2351 33.
411 2317 575 2364 prodigio
604 2316 773 2351 divinitus
802 2316 900 2350 facto
926 2319 959 2358 1,
984 2316 1039 2356 10,
1069 2312 1126 2347 47.

131 2361 354 2417 PsOdigUS·
422 2376 512 2409 Sunt
541 2376 710 2418 pleraque
743 2383 816 2407 non
848 2374 963 2407 solnm
996 2369 1197 2411 dissimilia,
1234 2368 1299 2402 sed
1331 2367 1439 2402 etiam
1476 2367 1694 2413 aliquando..

178 2420 379 2465 contraria,
403 2427 442 2455 ut
466 2421 497 2454 si
519 2432 602 2454 reus
628 2419 714 2453 furti
741 2419 910 2466 prodigus
935 2418 1071 2451 dicatur
1097 2419 1132 2458 7,
1158 2419 1192 2457 2,
1217 2415 1274 2449 29.
1586 2454 1592 2457 χ

134 2463 337 2506 Pl'o‘fitio·
396 2477 608 2520 proditionis
633 2478 817 2510 damnatus
841 2486 920 2510 cum
949 2475 1125 2509 advocato
1154 2472 1277 2506 exulet
1303 2471 1337 2514 5,
1362 2473 1418 2514 10,
1443 2472 1523 2506 107.
1567 2475 1605 2514 7,
1630 2466 1666 2515 1',

180 2520 236 2553 42.
291 2521 351 2565 qui
390 2534 455 2558 reo
490 2523 702 2565 proditionis
724 2533 799 2556 non
823 2520 984 2562 affixerit,
1017 2519 1170 2553 exheres
1199 2516 1244 2550 sit
1274 2519 1318 2559 7,
1346 2519 1387 2559 1,
1412 2515 1459 2551 4²
1482 2519 1529 2552 N.
1578 2527 1665 2558 pro-
1692 2537 1696 2543 ·

180 2566 278 2644 gliti?¹
294 2569 396 2646 ughis
423 2570 605 2612 praedicta
636 2569 692 2610 (a.
719 2573 742 2603 1.
767 2567 932 2611 prodita)
961 2571 1015 2601 est
1039 2568 1082 2599 ib.
1108 2567 1164 2599 30.
1199 2562 1440 2605 proditionem
1475 2563 1664 2607 molientes

181 2623 215 2653 o,
288 2637 297 2654 ,
344 2640 353 2647 .

134 2656 344 2699 Ρϊθᾶῑῐθΐ-
404 2672 624 2711 proditorem
646 2689 692 2698 -—
736 2669 945 2705 donabimus
977 2667 1129 2703 oratoris
1161 2665 1225 2700 illo
1260 2674 1363 2699 sacro
1393 2663 1563 2700 nomine?
1607 2668 1697 2715 12„

182 2717 213 2755 1,
240 2712 296 2746 24.
337 2728 369 2748 υ.
396 2718 629 2751 Perfidus.

138 2757 288 2799 ''¹’0d0·
348 2772 375 2812 1)
400 2775 422 2805 i.
448 2787 478 2818 q.
501 2777 599 2815 edo,
626 2772 893 2817 patefacio:
929 2769 1115 2805 consiliiun
1140 2769 1226 2804 illud
1247 2770 1360 2803 latens
1388 2767 1662 2809 prodidissemus
