1728 3002
137 220 191 261 58
645 211 822 256 Amicus
848 236 905 244 ·-
931 212 1150 255 Amoenus

180 334 224 367 ib.
254 330 331 367 144.
370 329 517 365 amictus
540 338 681 375 quoque
703 328 812 363 habet
833 327 962 372 quend.
987 330 1106 360 actum
1127 326 1230 362 velut
1250 323 1491 374 mamm
1510 328 1557 375 ἢ.
1585 328 1661 364 145,

181 380 245 413 Est
276 377 407 422 aliquid
437 377 475 410 in
507 375 656 417 amictu;
705 375 803 418 quod
829 373 945 417 ipsum
976 372 1198 417 aliquatenus
1224 374 1426 423 tem'possnm
1448 371 1664 411 ffiffoioue

179 430 351 460 mutatum
377 429 430 457 est
457 425 497 457 ib.
518 424 583 456 137
597 423 641 454 N.
655 437 667 464 ‚·
704 427 744 454 ut
768 420 894 453 Graeci
921 418 1041 454 dicere
1066 419 1203 462 solent,
1231 429 1337 463 quem
1359 420 1664 456 imm-amictum
1695 422 1698 426 ’

181 471 279 505 dedit
304 469 442 504 solicite
465 466 735 502 custodientium
758 467 791 508 5,
817 464 872 508 14,
897 467 940 499 31
967 466 1013 500 Ν.
1515 465 1522 468 ’

134 515 323 559 Amicus·
369 524 531 569 1)Aclj..·
571 524 668 558 omni
699 524 807 557 modo
838 523 900 555 fiat
933 521 1038 556 nobis
1068 521 1292 556 familiariter
1319 515 1454 558 amicus
1477 523 1513 566 1,
1535 525 1571 567 2,
1595 525 1661 567 163

179 572 411 609 amicissimus
445 570 547 605 nobis
580 572 637 603 Pr.
661 571 695 604 6.
728 570 794 603 hos
831 567 984 604 amiciss.
1013 568 1159 602 habebit
1192 571 1255 611 12,
1278 571 1314 612 7,
1341 569 1375 604 5.
1469 567 1523 612 11)
1552 568 1660 604 διανεί.
1692 605 1697 608 ,

176 617 451 665 propinqui,
478 616 613 650 amici
636 619 671 658 7,
694 613 729 657 4,
759 616 813 649 18.
855 617 910 656 12,
935 618 969 657 7,
993 617 1026 648 2.
1067 626 1115 648 ex
1139 614 1324 649 desideriis
1351 615 1599 650 amicorum
1626 622 1662 650 et
1711 634 1716 635 ν

177 664 546 700 necessariorum
578 663 611 703 6,
636 665 670 705 2,
699 664 754 695 17.
800 660 939 704 paterni
964 660 1069 694 amici
1100 664 1253 695 Domit.
1279 659 1351 703 Afi
1379 662 1415 704 9,
1439 664 1475 705 2,
1498 664 1558 700 20.
1593 673 1664 706 po-

176 718 294 747 tentes
323 722 390 744 am.
421 710 461 751 5,
489 711 549 750 12,
577 710 631 742 16.
670 718 762 740 unus
795 718 842 740 ex
870 706 1130 740 recentioribus
1157 718 1225 741 am.
1257 707 1365 751 6,·3,
1388 708 1448 743 92.
1497 706 1661 743 Caesaris

175 769 244 793 am.
270 758 304 799 6,
330 759 363 799 3,
389 757 452 798 78;
496 754 646 788 amicum
670 764 814 799 gravem
839 753 959 787 virum
983 753 1088 787 lateri
1113 753 1177 786 filii
1195 752 1259 786 ‘sui
1282 753 1476 807 adjungere
1502 757 1536 797 1',
1562 756 1597 797 2,
1625 756 1658 789 5.

175 803 367 838 defendere
395 800 527 834 amicos
549 820 596 825 --
619 811 723 843 quam
749 799 794 832 sit
818 799 924 842 utile,
954 798 1218 843 conveniatque
1242 800 1339 834 bono
1360 810 1446 836 viro
1471 802 1506 843 2,
1525 800 1582 843 16,
1602 801 1658 836 19.

174 849 367 894 optandmn
391 853 460 889 est,
493 852 533 879 ut
564 845 668 879 amici
692 857 796 888 quam
819 845 984 879 minimas
1009 845 1090 880 lites
1114 846 1268 879 habeant
1297 848 1353 889 12,
1376 847 1412 889 9,
1437 849 1481 889 ’Τ;
1504 845 1661 880 Αειιηίοοεὶ

172 902 210 931 et
244 895 356 928 bonos
391 893 491 928 viros
527 897 562 925 et
594 890 886 935 prudentissimos
921 892 1070 925 dicimus
1105 893 1238 939 vulgo,
1286 902 1438 936 quorum
1462 891 1562 926 'nihil
1591 892 1662 926 nisi

171 941 331 988 perfecte
362 937 512 982 sapienti
545 939 646 971 datur
681 940 747 980 12,
774 940 818 980 2,
846 940 901 973 19.
946 937 984 971 in
1019 937 1178 982 epistolis
1215 935 1406 983 aliqnando
1437 936 1661 972 familiariter
1703 968 1706 969 γ

171 987 265 1032 apud
292 985 423 1019 amicos
450 984 536 1018 dicit
563 982 670 1027 (Cic.)
697 986 753 1026 11,
782 986 813 1026 1,
839 986 903 1026 213
952 986 1150 1027 proverbia.-
1191 984 1262 1019 Ubi
1289 982 1444 1027 amici,
1471 983 1523 1018 ibi
1550 994 1673 1028 opes,

171 1035 207 1077 5,
233 1035 288 1074 11,
312 1030 370 1065 41.
418 1032 544 1077 Longe
573 1030 662 1063 absit
685 1029 906 1073 propositum
932 1030 1039 1075 illud,
1067 1030 1192 1065 Potius
1216 1030 1371 1065 amicum
1397 1041 1505 1075 quam
1526 1030 1660 1065 dietum
1719 1066 1725 1070 ,

169 1077 309 1124 perdidi
333 1077 414 1121 (Sp.
443 1076 595 1119 -dendi)
622 1077 655 1119 6,
682 1078 716 1119 3,
741 1077 797 1110 28.

125 1122 302 1167 Amitto.
349 1133 464 1168 amisit
488 1136 523 1176 1,
550 1133 582 1176 5,
607 1134 672 1176 69;
719 1132 845 1166 amittit
871 1137 907 1166 et
932 1131 1038 1167 fidem
1064 1138 1102 1167 et
1129 1132 1276 1167 affectus
1302 1138 1494 1178 motusque
1521 1140 1659 1176 omnes,

172 1182 233 1227 qui
259 1186 313 1216 est
334 1179 373 1214 iu
394 1181 462 1214 hac
487 1190 574 1214 mira
601 1180 840 1223 deprehensus
860 1179 895 1222 9,
909 1178 944 1222 4,
961 1178 1039 1213 143.
1071 1179 1221 1225 gratiam
1233 1179 1420 1214 varietatis
1437 1190 1506 1213 am.
1521 1179 1558 1222 9,
1574 1177 1657 1221 3‚·‘4.

171 1233 339 1272 quantum
374 1225 549 1270 accipit
577 1224 784 1267 celeritatis,
818 1230 955 1259 tantum
984 1225 1172 1272 gravitatis
1198 1237 1275 1259 am.
1303 1226 1339 1269 9,
1362 1224 1399 1268 4,
1423 1223 1512 1269 14ος
1558 1224 1660 1259 illum

164 1273 318 1318 repetito
342 1274 491 1307 vulnere
519 1271 675 1305 orbitatis
699 1271 798 1305 amisi
821 1272 855 1314 6,
870 1272 927 1304 Pr.
941 1273 976 1304 2.
1005 1270 1075 1316 [te,
1097 1292 1145 1297 -
1166 1276 1347 1316 superstes
1369 1281 1499 1316 parens
1522 1275 1661 1305 tantum

169 1322 217 1354 ad
251 1330 401 1363 poenas,
439 1317 568 1352 amisi?
616 1318 743 1362 (Codd.
769 1323 793 1351 t.
820 1329 974 1361 poenas,
1006 1331 1069 1352 om.
1093 1317 1212 1360 amisi,
1250 1319 1340 1363 quod
1371 1330 1413 1350 ex
1442 1319 1543 1360 Regii
1571 1316 1658 1362 conj.

169 1373 298 1408 orium‚·
327 1366 404 1398 mihi
436 1366 567 1410 quidem
598 1367 702 1407 magis
728 1367 886 1407 probatur
915 1368 1054 1398 Burin.
1086 1365 1170 1407 conj.
1198 1369 1337 1398 tantum
1365 1369 1522 1407 moeret,
1560 1374 1662 1408 quam

170 1413 354 1447 Gesneri
379 1413 594 1454 aposiopesis.
631 1413 673 1444 ib.
700 1413 742 1444 13
767 1412 813 1444 N.
842 1409 913 1454 cn]
942 1410 1014 1454 jam
1038 1410 1220 1444 amisimus
1242 1409 1289 1444 in
1315 1409 1372 1443 liis
1395 1410 1543 1444 modum
1563 1410 1599 1453 8,
1622 1409 1659 1452 6,

168 1458 224 1493 51.
254 1458 401 1490 multum
425 1457 468 1489 in
492 1455 640 1491 Valerio
658 1458 787 1490 Flacco
811 1468 926 1501 nuper
951 1457 1132 1491 amisimus
1151 1458 1259 1499 10,,1,
1276 1456 1345 1499 90;
1380 1455 1511 1490 amisso
1531 1465 1658 1500 nuper,

168 1503 199 1537 si
229 1513 303 1537 non
336 1503 510 1546 praesidio
547 1502 639 1536 inter
665 1503 839 1547 pericula,
883 1509 1005 1537 tamen
1033 1503 1162 1537 solatio
1195 1502 1290 1536 inter
1314 1502 1468 1537 adversa
1495 1503 1659 1538 Domai.

166 1549 235 1590 Af.
261 1550 302 1591 9,
324 1551 366 1591 3,
386 1550 442 1584 79.
493 1548 632 1582 amissis
666 1555 719 1583 tot
749 1549 871 1583 liberis
897 1551 941 1593 8,
966 1549 1008 1593 4,
1032 1552 1091 1584 22.
1141 1547 1259 1583 omnis
1290 1547 1492 1582 studiorum
1520 1548 1661 1586 fructus

168 1595 318 1629 amissus
346 1595 416 1639 (sc.
446 1594 516 1638 est)
547 1596 581 1637 8,
607 1596 665 1628 Pr.
692 1596 749 1630 26.
1358 1594 1367 1601 ’

122 1638 287 1684 Amnis.
341 1658 381 1684 ut
413 1651 609 1685 beatissimi
645 1651 738 1696 (Sp.
766 1652 875 1687 latiss.
906 1654 952 1687 N.
979 1653 1051 1696 cr.)
1093 1663 1215 1686 amnes
1245 1650 1330 1686 totis
1361 1646 1516 1687 vallibus
1546 1650 1661 1699 fluunt

169 1700 208 1740 5,
235 1696 300 1739 14,
325 1699 366 1731 31
392 1701 434 1732 Ζ.
478 1708 525 1731 ex
563 1708 697 1734 oceano
732 1700 926 1733 amnium
963 1698 1055 1743 (Sp.
1084 1698 1186 1742 vim)
1219 1697 1500 1742 fontiumque
1533 1704 1660 1734 onnus

165 1743 305 1778 initium
330 1754 456 1786 capere
481 1746 535 1786 10,
565 1747 596 1785 1,
621 1743 665 1778 4⁴5
690 1746 724 1778 S.
768 1745 825 1779 vis
853 1744 1008 1779 amnium
1030 1746 1144 1789 major
1167 1750 1222 1778 est
1245 1743 1324 1777 altis
1347 1743 1436 1787 ripis
1461 1745 1519 1785 12,
1538 1745 1574 1786 2,
1601 1745 1656 1776 11.

167 1789 323 1823 amnium
354 1791 464 1823 multo
495 1790 643 1836 gurgitis
674 1796 787 1825 tractu
821 1792 1007 1826 fluentium
1033 1793 1078 1825 ib.
1103 1801 1197 1824 amn.
1231 1789 1371 1824 lucidus
1403 1788 1547 1834 quidm
1579 1790 1666 1833 opp)

167 1837 297 1868 multus
326 1841 361 1868 et
388 1841 526 1869 torrens
552 1839 608 1879 12,
632 1839 686 1879 10,
711 1838 766 1871 61.

124 1878 248 1921 Amo·
307 1891 341 1935 1)
375 1894 416 1926 de
446 1895 616 1936 personis.-
663 1900 812 1928 amant
846 1901 882 1929 et
919 1900 1149 1930 verentur
1183 1898 1454 1938 praeceptorem
1486 1892 1528 1934 2,
1554 1893 1600 1934 2,

170 1938 384 1971 amabant
408 1949 489 1972 eum
510 1938 642 1986 magis,
672 1952 775 1984 quam
803 1941 1106 1975 imitabantur
1130 1941 1185 1983 10,
1215 1942 1247 1982 1,
1273 1939 1367 1974 126..
1389 1939 1480 1972 hoc
1514 1935 1633 1982 (vultu

169 1984 339 2027 quosdam
373 1996 583 2027 amamus,
615 1986 696 2019 hoc
721 1987 902 2021 odimus
930 1990 986 2030 11,
1011 1989 1046 2028 3,
1068 1989 1126 2020 72.
1166 1996 1213 2019 ne
1240 1984 1376 2028 studia,
1415 1983 1477 2028 qui
1509 1993 1661 2029 amare
1724 2009 1728 2026 2

166 2031 324 2062 nondum
346 2036 482 2073 potest,
512 2031 669 2065 oderit
693 2035 726 2074 1,
748 2035 779 2075 1,
805 2036 860 2067 20.
901 2039 994 2067 totas
1018 2032 1153 2066 dictare
1177 2030 1363 2075 materias,
1395 2040 1483 2074 quas
1506 2034 1543 2063 et
1564 2027 1661 2067 imi?
1711 2070 1713 2072 ¹

165 2079 285 2108 tetur
310 2087 416 2118 puer,
453 2082 488 2109 et
517 2076 662 2110 interim
692 2084 858 2122 tanquam
888 2090 969 2113 suas
1002 2084 1126 2112 amet
1157 2079 1191 2120 2,
1215 2076 1250 2120 4,
1281 2079 1336 2111 12.
1375 2077 1407 2110 si
1435 2086 1510 2110 non
1541 2073 1661 2109 omnia
1708 2076 1721 2086 ·’

167 2131 229 2153 sua
253 2127 449 2155 amasset
475 2121 657 2168 (Seneca)
682 2127 736 2167 10,
761 2128 792 2166 1,
814 2127 900 2168 1303
931 2135 1000 2159 nec
1028 2125 1260 2169 prodesse
1282 2121 1535 2166 tantum„sed<
1553 2119 1661 2171 θΐὶἓξέἓῑ
1696 2128 1705 2146 ²

167 2166 303 2199 amari
330 2173 446 2209 potest
475 2169 588 2212 (Cic.)
613 2173 656 2213 2,
686 2171 723 2211 5,
750 2173 806 2204 20.
851 2170 1000 2205 amari
1028 2171 1222 2214 jucundum
1246 2174 1322 2212 est,
1358 2164 1659 2210 sicuretur3‘1ffe
1695 2197 1699 2201 ,

169 2211 250 2254 quid
282 2213 363 2245 insit
400 2214 537 2247 amari
571 2217 610 2257 9,
636 2219 682 2253 3.,
707 2218 753 2250 70
776 2218 822 2251 N.
871 2229 892 2250 a
921 2229 980 2251 me
1010 2216 1234 2250 familiariter
1262 2218 1417 2248 amatum
1447 2214 1511 2255 10,
1535 2212 1657 2254 a,³12.
1713 2210 1718 2250 'v

166 2257 278 2300 qualis
304 2260 407 2291 etiam
431 2259 467 2291 in
490 2261 631 2294 feminis
655 2254 796 2295 a'matur
821 2261 1005 2306 (ornatus)
1034 2264 1068 2306 8,
1095 2265 1130 2306 3,
1155 2263 1198 2306 ὃς
1245 2258 1597 2301 Amas-me‚'<1uod
1622 2262 1660 2293 ’Β

165 2312 239 2335 non
265 2302 365 2336 vidi?
396 2308 547 2339 Domit.
574 2307 643 2348 As.
672 2309 712 2351 6,
731 2310 765 2350 3,
792 2310 837 2343 93
863 2310 934 2351 Ν.;
974 2309 1099 2355 Elegia
1124 2328 1183 2350 —-‚
1214 2317 1306 2351 quae
1330 2309 1442 2347 amat,
1471 2310 1533 2342 etc?-
1550 2313 1662 2346 ,nnio-
1692 2313 1697 2317 ”
1724 2332 1728 2336 -

165 2353 316 2380 veantur
341 2352 372 2391 1,
390 2351 424 2391 8,
442 2352 464 2383 6
479 2352 550 2394 Ν.;
577 2354 634 2386 Ex
659 2354 803 2388 Graeco
827 2357 996 2388 translata
1018 2356 1123 2399 quale
1147 2359 1222 2395 est,
1248 2351 1530 2398 Vulgusamat
1550 2347 1662 2383 fieri

165 2393 201 2434 9,
227 2395 260 2434 3,
287 2397 329 2428 17
353 2396 398 2428 Ν.
491 2396 536 2435 11)
571 2400 612 2431 ‹Ie
647 2402 769 2433 rebus.-
810 2411 877 2433 nec
913 2401 1151 2434 effeminatam
1181 2398 1366 2439 levitatem
1396 2393 1478 2440 (Ῑιίο
1502 2394 1660 2442 omues)

167 2444 260 2471 amet
295 2439 349 2481 (a.
379 2443 399 2472 1.
428 2441 553 2484 habet)
588 2445 622 2485 8,
647 2446 680 2486 3,
708 2447 748 2480 6..
791 2446 959 2479 bacchius
992 2466 1039 2473 ——
1073 2447 1245 2480 choreum
1278 2450 1315 2478 et
1347 2441 1661 2487 spondelim‚ante

165 2489 258 2516 amat
284 2486 318 2525 9,
343 2483 377 2526 4,
405 2487 481 2518 102.
524 2488 585 2519 illa
608 2490 786 2528 ⁴sublimia
818 2511 866 2518 —
895 2499 1013 2526 amant
1048 2491 1317 2536 amplitudinem
1349 2486 1487 2534 dactyli
1515 2487 1660 2532 unijssG

166 2531 210 2562 ib.
238 2531 314 2584 136.
373 2575 380 2581 ·
401 2531 464 2570 Ill)
490 2534 613 2584 Ρανὶζσ.
627 2549 636 2566 .-
666 2542 828 2570 amanites
856 2538 901 2571 de
923 2538 1039 2571 forma
1062 2537 1220 2582 judicare
1243 2547 1319 2570 non
1340 2539 1491 2580 possunt
1512 2533 1548 2576 6,
1563 2534 1599 2580 2.,
1615 2533 1670 2575 63>
1707 2552 1710 2555 Δ

167 2587 195 2607 ⁶·
225 2576 331 2607 (rem.-
371 2586 518 2615 luvenes
552 2579 698 2613 nimium
732 2588 896 2616 amantes
928 2583 1000 2617 mei
1032 2585 1092 2618 Pr.
1117 2587 1153 2619 7.
1195 2582 1265 2617 fuit
1292 2578 1531 2617 similitudinis
1555 2589 1684 2630 qum-n·

160 2619 432 2672 pulchritudinis
465 2623 637 2657 amantior
662 2628 716 2669 12,
742 2629 805 2669 10,
829 2629 863 2663 9.
912 2629 1171 2663 amantissimos
1198 2628 1271 2662 mei
1295 2629 1354 2662 Pr.
1379 2629 1415 2662 3.
1459 2623 1661 2668 mmfissss-
1720 2630 1728 2645 ‘⁴

163 2676 242 2699 mus
264 2672 450 2700 vetustatis
476 2669 508 2710 1,
532 2671 566 2710 7,
594 2671 647 2706 18.
1375 2672 1386 2683 “

119 2718 385 2763 AmoenitaS.
429 2735 590 2769 lucorum
615 2749 685 2772 am.
711 2740 766 2782 10,
792 2739 834 2783 3,.
860 2741 916 2773 22.
946 2710 1188 2776 —'suvarnm
1217 2743 1261 2776 ib.
1286 2739 1344 2776 M.

119 2786 353 2831 Amoenus·
413 2813 486 2836 am.
523 2814 566 2837 ac
596 2806 736 2840 molle
771 2806 849 2843 iter¹
873 2805 918 2851 4,
940 2809 981 2851 2,
1004 2805 1062 2843 46.
1109 2819 1183 2843 non
1215 2819 1358 2854 semper
1385 2803 1568 2843 exercitus
1591 2815 1687 2851 *per-
