1742 2964
164 182 248 224 956
458 167 461 169 ¹
778 193 803 209 ·‘
857 183 1000 228 Video

212 297 392 344 comperi,
416 309 453 334 v.
480 295 527 339 (S
534 311 567 342 p.
589 303 629 332 ut
651 296 704 342 v.)
730 299 908 340 declinato
934 313 956 335 a
983 301 1129 337 Graecis
1150 302 1265 338 verbo
1290 305 1332 347 1,
1357 301 1470 348 53·ae
1487 307 1534 339 Z.
1551 302 1695 349 'patien-

211 346 281 380 tior
311 352 364 380 est
393 344 525 379 laboris
556 351 680 379 natura
714 347 834 390 pueris
858 356 962 392 quam
985 349 1186 392 juvenibus.
1233 348 1316 384 Vid.
1341 354 1382 382 ut
1405 359 1556 395 corpora
1579 351 1695 393 infin,-

208 391 295 426 tium
321 403 388 425 nec
411 397 651 425 casus-tam
674 393 831 438 graviter
850 394 974 440 affligit
995 403 1055 429 eie.
1085 399 1116 439 1,
1143 398 1199 438 12,
1224 398 1279 430 10.
1306 394 1694 441 Namque-Aristoteles

207 438 374 485 idoneam
407 437 560 471 maxime
591 439 634 471 ad
667 438 892 474 scribendum
925 441 1258 483 demonstrativam,
1291 441 1560 487 proximamque
1585 444 1628 476 ab
1652 453 1696 476 ea

206 484 408 528 judicialem
436 484 590 528 putavit:
633 496 670 519 v.
703 486 869 530 quoniam
904 487 1004 531 prior
1034 488 1096 521 illa
1129 493 1203 522 tota
1232 491 1329 522 esset
1359 487 1602 523 ostentationis
1631 495 1694 522 etc.

207 532 253 573 3,
279 532 322 572 8,
352 531 407 564 63.
452 531 670 573 Adjecerunt
693 531 834 576 quidam
858 544 1006 567 numero
1031 539 1188 567 mutuam
1210 534 1490 577 accusationem,
1514 545 1605 581 quae
1627 530 1696 568 «ἰν-

204 578 447 621 τικατηγορία
466 582 637 610 vocatur:
665 577 742 611 aliis
759 590 796 612 v.
816 580 1009 614 succedere
1030 581 1123 613 hanc
1143 590 1285 624 quoque
1306 579 1549 624 comparativo
1572 579 1696 630 generi

207 622 490 655 existimantibus
515 625 558 664 3,
584 625 644 664 10,
673 622 707 656 4.
754 625 890 658 Verum
917 625 976 659 hic
1003 636 1127 660 omnes
1152 625 1229 660 sine
1255 627 1363 660 dubio
1387 631 1423 660 et
1447 625 1486 660 in
1510 625 1607 661 omni
1628 635 1696 672 ge-

204 679 292 702 nere
316 668 540 713 eloquentiae
564 670 689 712 procul
719 681 739 703 a
763 682 801 704 se
828 671 994 716 reliquit3
1020 672 1142 716 epicos
1170 677 1287 707 tamen
1310 671 1521 717 praecipue,
1546 671 1694 718 v-,quia

205 714 401 748 clarissima
422 715 459 748 in
483 715 629 748 materia
653 715 758 749 simili
783 718 999 761 comparatio
1028 724 1081 752 est
1105 721 1170 761 10,
1197 721 1240 762 1,
1265 719 1321 753 51.
1349 717 1393 759 cs.
1417 719 1460 760 8,
1485 718 1520 761 6,
1546 718 1602 756 75.
1633 721 1694 761 11,

203 763 246 803 2,
271 762 305 796 9.
362 762 409 805 β)
434 774 463 794 c.
488 763 662 795 irrisione.-
699 765 874 797 contraria
901 764 1061 807 dicendi,
1087 775 1191 808 quam
1215 775 1306 810 quae
1332 763 1484 811 intelligi
1511 764 1604 799 velis
1633 774 1694 807 ra-

203 805 277 850 tio,
303 827 349 833 —
371 813 412 840 ut
433 807 517 840 illae
545 807 788 853 elevationes,
818 811 1044 844 Videlicet
1069 810 1131 843 e‘tc.
1154 812 1189 853 9,
1213 813 1248 854 2,
1277 811 1332 847 fio.
1366 820 1455 854 quos
1489 815 1632 844 secutus
1653 821 1717 847 V„

203 852 350 896 Crispus
379 853 564 887 Sallustius
590 862 651 888 etc.
675 856 719 898 3,
743 857 789 897 8,
818 856 841 890 9
861 858 912 897 Ν.
938 857 998 890 illa
1029 858 1098 900 jam
1129 867 1208 891 esse
1235 867 1256 890 a
1280 856 1506 901 philosophia
1527 856 1693 900 petenda,

202 911 243 934 v.
270 900 353 944 quia
377 899 487 946 magis
511 901 600 934 haec
625 900 676 934 illi
699 901 844 937 videtur
867 902 904 935 in
931 902 1160 947 possessione
1191 907 1315 937 earum'
1346 913 1465 936 rerum
1498 901 1611 937 fuisse
1624 904 1694 946 ,12,

202 948 245 987 2,
271 947 304 980 5.
340 957 418 980 esse
445 946 566 980 nescio
592 958 719 990 quam,
750 960 841 992 quae
866 960 946 993 spes
976 955 1115 983 nostras
1139 950 1325 993 decerpat,
1358 947 1550 991 invidiam,
1583 957 1631 983 ne
1652 958 1693 984 v.

199 992 318 1035 ultra,
342 1004 446 1037 quam
472 993 609 1026 homini
634 995 752 1027 datum
775 1000 847 1038 est,
873 1002 995 1030 nostra
1018 996 1261 1040 provehantur
1290 988 1327 1038 6,
1354 988 1415 1028 Pr:
1442 995 1500 1029 10.

155 1070 311 1112 Video·
358 1083 418 1123 A)
442 1086 519 1117 Act.
563 1084 603 1122 Ι)
632 1086 768 1127 propn‘e
791 1086 833 1118 de
856 1068 891 1118 m:
915 1090 1106 1120 oculorum.-
1149 1089 1240 1129 Ego
1274 1087 1436 1120 oculis.
1457 1086 1564 1119 meis
1593 1078 1702 1118 vids*

198 1125 468 1172 (πλεοναςμός).
510 1130 571 1163 Sat
599 1136 651 1164 est
677 1131 771 1164 enim
796 1133 893 1165 vidi
917 1133 950 1171 8,
976 1134 1011 1174 3,
1037 1133 1090 1167 53.
1117 1138 1157 1167 ut
1179 1133 1307 1168 obvios
1330 1142 1405 1166 non
1425 1131 1610 1169 ,videamus
1634 1132 1694 1177 10,

199 1177 241 1215 3,
267 1177 324 1210 29.
353 1174 423 1219 [Te
447 1175 538 1211 vidit
564 1179 605 1209 12
621 1203 629 1217 ,
654 1179 718 1219 10,
742 1178 788 1211 62
812 1176 888 1221 S.];
925 1177 963 1211 in
994 1179 1150 1213 lectione
1173 1199 1220 1206 —
1244 1184 1325 1212 ante
1348 1177 1534 1224 sequentia
1555 1177 1695 1220 vident,

199 1233 304 1267 quam
331 1222 451 1266 priora
474 1221 643 1256 dixerunt
669 1226 731 1265 10,
756 1226 797 1266 7,
829 1226 883 1257 11.
921 1225 1015 1268 quod
1042 1225 1211 1260 videre
1234 1236 1310 1259 non
1337 1230 1392 1259 est
1415 1223 1518 1267 satis,
1540 1220 1695 1268 perle-
1711 1221 1739 1241 ‘¹'

197 1269 399 1312 gendum
428 1268 520 1300 erit
544 1272 608 1310 12,
631 1269 675 1311 8,
702 1272 758 1302 12.
790 1271 891 1312 plura
918 1281 1061 1304 nosse
1086 1277 1121 1305 et
1143 1270 1329 1307 vidisse
1354 1271 1546 1304 creduntur
1567 1266 1694 1312 (senes)

199 1316 256 1356 12,
281 1312 316 1355 4,
345 1317 377 1347 2.
404 1313 551 1346 Caesius
578 1315 729 1356 Bassus,
755 1325 859 1357 quem
887 1327 1002 1359 nuper
1025 1317 1178 1350 vidimus
1202 1319 1258 1359 10,
1287 1319 1320 1359 1,
1346 1315 1404 1351 96.
1439 1314 1484 1356 cs.
1506 1316 1542 1359 3,
1569 1317 1604 1357 1,
1633 1312 1692 1358 18.

197 1362 255 1401 12,
282 1362 339 1401 10,
363 1362 416 1392 11.
443 1359 568 1393 videas
593 1360 686 1392 enim
710 1361 900 1404 plerosque
923 1381 968 1385 —
995 1363 1234 1396 exclamantes
1257 1360 1294 1404 6,
1319 1363 1355 1404 3,
1377 1361 1412 1396 9.
1441 1359 1486 1402 cs.
1502 1360 1541 1404 6,
1568 1362 1613 1404 ,1,4
1631 1360 1692 1395 38.

196 1411 335 1450 gestum
372 1405 492 1448 poculi
528 1405 707 1449 poscentis
739 1413 800 1440 etc.
840 1418 886 1440 ne
918 1406 957 1439 in
990 1408 1132 1442 rusticis
1169 1406 1229 1453 qui
1255 1418 1311 1441 em
1341 1406 1418 1443 vidi
1450 1409 1518 1450 11,
1540 1406 1584 1452 3,
1609 1407 1692 1440 117.

199 1452 411 1496 [toleranter
434 1451 557 1486 videre
582 1451 842 1495 septentriones
865 1451 1030 1487 videmur
1053 1456 1098 1495 8,
1121 1454 1166 1496 6,
1191 1455 1248 1488 33.
1274 1465 1285 1495 3
1319 1464 1376 1498 ap.
1403 1451 1479 1487 cic.
1503 1457 1578 1487 'elo-⁴
1593 1450 1694 1497 vidi-

195 1509 275 1531 mus
300 1497 406 1531 Ennii
429 1517 474 1522 -
498 1503 533 1530 et
557 1498 708 1530 aliorum
730 1498 840 1532 inseri
862 1502 990 1533 vei-sus
1019 1502 1058 1541 1,
1081 1500 1124 1542 8,
1149 1501 1206 1533 11.
1232 1499 1330 1544 quod
1351 1498 1391 1531 in
1417 1498 1612 1533 certamine
1633 1502 1694 1532 ‘sa-

194 1543 307 1577 liendi
331 1543 408 1578 fieri
435 1543 599 1577 videmus
623 1545 678 1584 10,
706 1545 740 1586 3,
764 1544 798 1578 6.
825 1542 869 1585 cf.
895 1546 930 1586 9,
955 1547 990 1587 2,
1014 1545 1048 1579 5.
1074 1547 1129 1588 10,
1158 1547 1192 1586 5,
1216 1546 1282 1587 2Ο;
1307 1555 1467 1588 eousque
1483 1545 1693 1588 processum

196 1596 272 1630 est,
298 1595 336 1623 ut
363 1610 409 1615 —-
432 1589 635 1625 visuros
661 1590 806 1632 (Lips.
838 1591 884 1622 ad
908 1593 1010 1624 Tac.
1037 1591 1122 1635 conj.
1152 1589 1318 1633 visores)
1352 1591 1407 1625 ad.
1431 1589 1715 1626 videndum-

194 1636 364 1670 missos
389 1635 487 1670 idem
515 1642 639 1670 auctor
663 1635 878 1679 (Sallustius)
902 1636 1034 1670 dixerit
1056 1638 1102 1680 9,
1128 1639 1172 1679 3,
1203 1639 1246 1670 12
1269 1637 1316 1671 Ν.
1363 1635 1413 1676 11)
1437 1637 1481 1670 de
1501 1638 1688 1672 intellectu.-

195 1695 228 1716 v.
255 1682 496 1728 Intelligo.
545 1682 594 1725 α)
622 1681 772 1716 scientia
795 1682 941 1717 videndi
968 1683 1005 1716 in
1030 1682 1298 1727 quaestionibus
1321 1678 1691 1727 civilibuspersooeu-
1731 1710 1733 1713 ⁴

194 1728 330 1762 tionem
354 1728 534 1772 popularis
557 1727 798 1772 persuasionis
822 1731 865 1772 2,
891 1729 952 1771 15,
979 1731 1034 1764 19.
1060 1729 1118 1764 vis
1140 1728 1299 1772 videndi,
1315 1728 1369 1762 de
1390 1729 1499 1763 rebus
1522 1726 1691 1769 civilibus

194 1777 240 1808 ib.
267 1778 312 1808 22
330 1776 374 1808 N.
401 1775 442 1807 Id
468 1776 565 1819 quod
589 1774 641 1808 illi
665 1774 844 1817 viderunt,
867 1786 994 1811 verum
1019 1781 1073 1810 est
1097 1779 1133 1818 7,
1155 1774 1189 1817 4,
1210 1777 1257 1809 20
1274 1775 1323 1808 Ν.
1346 1775 1479 1808 multos
1502 1772 1691 1809 infrenos

194 1820 398 1855 videbimus
427 1823 492 1864 12,
519 1824 583 1863 11,
610 1823 664 1854 30.
693 1832 761 1854 nec
787 1820 881 1861 Cio„
910 1833 991 1855 cum
1015 1833 1055 1855 se
1079 1821 1295 1855 tenebras
1321 1819 1572 1854 offudisse
1593 1817 1691 1864 judi-

194 1866 295 1901 cibus
321 1867 358 1901 in
382 1878 487 1900 causa
513 1866 667 1901 Cluentii
697 1867 868 1914 gloriatus
902 1873 977 1908 est,
1008 1866 1098 1901 nihil
1132 1867 1210 1912 ipse
1241 1865 1368 1903 vidit
1394 1869 1438 1909 2,
1463 1868 1529 1908 17,
1550 1867 1608 1900 21.
1629 1864 1691 1910 ,⁰s·

194 1916 258 1955 10,
293 1916 335 1956 1,
368 1915 426 1947 70.
467 1913 553 1946 nihil
594 1913 689 1947 enim
721 1925 806 1946 usus
846 1914 1035 1947 admodum
1059 1913 1168 1948 video
1193 1914 1238 1952 8,
1263 1910 1308 1955 δ’,
1331 1912 1389 1947 39.
1437 1913 1562 1955 Neque
1593 1909 1690 1953 enim

191 1959 321 1993 Asiani
345 1970 404 1993 res
427 1970 502 1992 non
527 1959 695 1994 viderunt
713 1965 828 1992 —aut
852 1971 912 1993 eas
935 1971 1009 1993 non
1035 1961 1303 1994 collocaverunt
1327 1958 1363 2001 8,
1383 1959 1441 1991 Pr.
1466 1959 1510 1991 17
1519 1970 1530 1999 ς
1561 1956 1688 1992 viden-

191 2017 271 2039 mus
302 2016 388 2051 ergo
416 2006 559 2049 propria
584 2012 619 2040 et
643 2005 840 2039 differentia
863 2009 897 2046 7,
917 2008 951 2049 3,
967 2009 1023 2040 27.
1055 2006 1161 2051 Quod
1183 2003 1360 2047 viderint,
1384 2002 1446 2048 qui
1469 2004 1689 2046 non'pntant
1734 2012 1737 2013 ’

193 2063 272 2086 esse
301 2052 448 2087 vitanda
471 2054 511 2095 8,
538 2055 580 2094 3,
612 2052 667 2086 39.
694 2051 746 2085 illi
774 2051 949 2085 rationem
978 2051 1157 2096 opinionis
1183 2054 1273 2085 suae
1290 2049 1447 2085 viderint
1471 2051 1515 2092 2,
1541 2050 1606 2091 15,
1629 2049 1688 2083 33.

194 2097 239 2139 qs-
268 2101 302 2140 2,
331 2101 386 2141 17,
411 2099 444 2133 9.
492 2097 540 2141 β)
566 2111 632 2143 seq.
658 2101 744 2131 Ace.
768 2110 800 2131 v.
827 2097 917 2139 Inf..·
942 2099 978 2131 id
1002 2098 1131 2132 fecisse
1156 2098 1210 2131 M.
1235 2092 1392 2138 Tullium
1415 2094 1526 2131 video
1538 2097 1605 2136 12,
1629 2096 1687 2137 10,

191 2143 249 2178 45.
273 2143 317 2186 cs.
347 2147 386 2185 1,
416 2147 459 2186 2,
488 2147 521 2176 2.
549 2145 590 2186 5,
617 2146 679 2187 13,
708 2144 765 2178 60.
797 2147 852 2186 12,
879 2146 911 2184 1,
937 2145 992 2182 16,
1016 2150 1054 2177 ut
1078 2142 1264 2188 prooemio
1290 2142 1436 2178 video
1461 2151 1535 2177 non
1561 2140 1687 2185 utique
1736 2150 1742 2152 ·

191 2201 282 2234 opus
307 2201 386 2224 esse
411 2189 597 2234 suasoriis,
622 2190 670 2223 ita
695 2201 768 2224 non
789 2189 1038 2236 intelligo,
1056 2202 1129 2239 ,cur
1158 2198 1220 2223 etc.
1246 2191 1280 2231 3,
1307 2189 1343 2231 8,
1371 2187 1427 2222 59.
1450 2185 1495 2228 cs.
1522 2188 1563 2229 8,
1586 2185 1629 2229 4,
1652 2187 1687 2221 3.

189 2237 234 2279 9,
260 2239 307 2278 2,
333 2239 411 2270 100.
442 2239 505 2278 12,
533 2239 549 2269 1
566 2263 575 2278 ‚
603 2238 659 2270 39.
686 2237 782 2280 quod
806 2236 918 2282 magis
942 2238 1067 2270 deesse
1092 2236 1220 2271 ceteris
1245 2233 1473 2274 animalibus,
1498 2237 1611 2278 (piam
1627 2231 1693 2265 in-‚

190 2283 372 2316 tellectum
411 2288 447 2315 et
480 2282 731 2329 cogitationem
769 2285 966 2326 quandam,
1001 2283 1166 2317 videmus
1192 2285 1234 2324 2,
1263 2278 1410 2323 16,-1-5.
1449 2279 1578 2322 quue
1608 2277 1706 2331 (Σίρι,Δ

192 2328 326 2372 optime
356 2329 505 2371 videt,
543 2340 583 2362 ac
620 2334 831 2362 testatur
869 2330 1099 2373 frequenter,
1135 2339 1195 2370 se,
1235 2327 1331 2371 quod
1362 2335 1591 2359 numerosum
1626 2328 1686 2366 sit,

191 2386 365 2418 quaerere
389 2376 432 2415 9,
457 2373 501 2417 4,
527 2375 582 2409 56.
601 2374 661 2415 >cs.
688 2378 754 2416 12,
781 2378 822 2417 1,
849 2375 884 2412 8.
919 2380 1058 2409 actores
1082 2392 1125 2398 —
1149 2376 1291 2418 placere
1315 2370 1467 2404 diversis
1494 2368 1686 2423 virtutibus

191 2420 346 2455 vidimus
373 2424 437 2462 11,
463 2423 504 2462 3,
532 2422 610 2456 178.
645 2420 771 2454 videas
805 2421 982 2455 rixatores
1007 2421 1132 2465 quosd.
1161 2429 1277 2462 neque
1304 2417 1460 2461 judicum
1483 2420 1699 2451 reverentia·

193 2475 253 2499 etc.
282 2466 459 2500 contineri
486 2470 547 2509 11,
577 2470 616 2508 1,
641 2468 697 2501 29.
729 2466 773 2508 cs.
799 2468 834 2509 6,
858 2466 893 2510 4,
917 2471 950 2502 7.
978 2467 1046 2501 nisi
1074 2468 1161 2500 haec
1187 2465 1283 2510 prius
1309 2463 1461 2505 videro,
1492 2461 1686 2510 nihilstedgn

193 2513 309 2558 egisse
334 2513 501 2546 donando
528 2514 562 2555 5,
587 2515 642 2555 10,
665 2515 750 2555 113;
777 2514 966 2558 plerosque
990 2513 1114 2549 videas
1138 2513 1401 2545 haerentes
1429 2510 1525 2559 circa
1545 2506 1687 2555 singula

191 2560 231 2598 8,
255 2561 311 2592 Pr.
341 2562 397 2592 27.
437 2558 480 2599 es.
509 2560 548 2601 ὃ,
576 2561 619 2599 3,
649 2559 705 2593 66.
742 2561 807 2601 11,
837 2561 876 2602 3,
901 2562 979 2593 170.
1051 2561 1094 2603 y)
1123 2570 1190 2602 seq.
1215 2558 1490 2597 Interrogatione.
1540 2553 1582 2597 a)
1605 2563 1698 2606 eun}

190 2603 323 2638 viderit
347 2603 486 2647 (judex)
502 2632 512 2646 ,
539 2604 647 2649 quid
675 2604 893 2639 invidiosum
919 2613 982 2638 etc.
1012 2604 1056 2638 sit
1079 2605 1122 2646 6,
1147 2606 1165 2636 1
1181 2628 1191 2645 ,
1223 2605 1278 2635 11.
1310 2600 1355 2642 cs.
1379 2604 1420 2644 7,
1446 2603 1513 2644 10,
1537 2603 1595 2635 117.
1624 2609 1687 2652 qu}

190 2649 335 2691 viderit,
362 2650 480 2693 quid
505 2650 562 2692 sit,
590 2651 684 2694 quod
710 2650 747 2683 in
772 2651 1056 2687 controversiam
1078 2648 1201 2685 veniat
1224 2649 1258 2689 3,
1282 2650 1337 2689 11,
1359 2649 1416 2681 23.
1441 2647 1514 2683 vim
1539 2645 1688 2683 videndi

191 2695 274 2739 (Sp.
303 2695 484 2739 dicendi),
514 2696 598 2740 quid
622 2697 659 2729 in
684 2708 824 2742 quaque
849 2709 890 2731 re
920 2697 1035 2741 possit
1058 2706 1136 2729 esse
1161 2692 1391 2738 persuasibile
1413 2695 1458 2735 2,
1483 2691 1550 2735 15,
1577 2691 1625 2726 16.
1642 2693 1688 2725 Ζ.

193 2747 249 2775 est
273 2741 310 2774 in
333 2742 456 2784 primis
481 2742 575 2776 acuti
608 2742 754 2785 videre,
789 2755 873 2787 quo
902 2744 1016 2787 judex
1039 2741 1134 2775 dicto
1157 2746 1368 2782 moveatur,
1402 2738 1513 2782 quid
1544 2738 1690 2781 respuat

192 2788 229 2831 6,
254 2786 290 2831 4,
315 2788 371 2822 19.
395 2786 441 2828 cs.
467 2791 502 2830 7,
526 2791 559 2830 1,
588 2792 622 2822 7.
651 2789 747 2832 quod
773 2789 884 2834 quid
910 2789 960 2823 ita
981 2786 1157 2837 placuerit
1178 2786 1235 2830 iis,
1259 2796 1334 2820 non
1357 2784 1467 2820 video
1491 2786 1525 2827 9,
1548 2781 1585 2826 4,
1603 2784 1689 2843 110.
