1728 3002
116 172 200 219 256
722 144 726 150 ⁷
858 172 928 233 Do

162 292 206 334 3,
238 290 297 333 6„
314 301 379 334 aua
408 289 608 336 quibusque
639 290 797 336 partibus
820 291 937 327 danda
961 293 1135 337 praefatio
1159 299 1214 331 est
1238 293 1284 339 4,
1312 299 1354 340 1,
1380 294 1439 334 74.
1467 296 1666 342 suadendo,

163 338 389 386 objurgando
411 345 474 372 etc.
499 348 674 382 personas
700 338 851 374 idoneas
875 339 998 374 damus
1025 341 1069 385 9,
1092 343 1129 384 2,
1152 343 1209 376 30.
1234 341 1411 381 mihi‘ille
1437 344 1542 378 detur
1563 355 1668 389 puer,

165 395 272 429 quem
285 385 373 422 ,laus
397 383 532 418 excitet
555 391 616 419 etc.
646 387 680 427 1,
704 386 739 428 3,
767 387 802 420 7.
831 383 1081 421 Alexandrum
1105 386 1183 421 dari
1200 385 1314 424 'nobis
1346 383 1551 434 imposittun
1584 401 1669 437 gre-

163 430 238 465 mio
267 433 302 474 1,
331 434 375 474 1,
391 429 447 465 24.
474 441 604 464 sonum
627 430 684 465 his
707 431 862 466 motibus
889 433 1135 476 dederunt‘l,
1160 436 1226 478 10,
1252 437 1310 469 12.
1336 435 1399 470 des
1420 435 1509 471 mihi
1541 447 1668 472 surcu-

162 478 239 511 lum
263 477 299 520 6,
322 479 358 520 3,
388 478 446 512 88.
471 487 624 522 quorum
648 477 754 511 nobis
780 478 980 514 ubertatem
1003 478 1046 514 'ac
1081 478 1223 515 divitias
1255 476 1355 515 ‘dabit
1388 479 1498 517 lectio
1529 484 1596 527 10,
1631 486 1666 526 1,

166 525 223 558 13.
249 523 370 559 virum
397 524 515 557 datum
538 524 648 558 rebus
671 524 837 559 hmnanis
861 528 919 568 12,
944 528 977 568 1,
1002 525 1062 561 25.
1088 525 1280 571 virtutem,
1305 538 1377 572 qua
1399 527 1492 562 nihil
1515 527 1666 572 homini,

163 580 236 615 quo
260 571 305 603 ad
331 571 419 604 deos
442 569 663 604 immortales
698 571 847 615 propius
870 573 1079 615 accederet,
1111 574 1232 612 datum
1257 579 1312 608 est
1337 576 1394 618 12,
1418 576 1453 617 2,
1478 577 1512 608 2.
1537 579 1665 618 mater,

162 627 253 661 quae
277 615 366 650 mihi
389 615 500 651 vitam
526 616 626 651 dedit
647 618 683 660 9,
708 620 743 660 2,
769 615 826 652 34.
877 616 918 663 β)
947 621 970 652 ι’.
996 632 1029 663 q.
1054 621 1224 663 tribuo,
1257 622 1470 654 concedo.-
1504 619 1576 664 ipsi
1597 619 1666 655 ali-

160 662 246 708 quid
270 662 475 697 forensibus
499 662 671 710 negotiiS.
695 663 830 710 aliquid
854 663 1041 700 desideriis
1068 665 1264 701 amicorum
1289 673 1350 701 etc.
1383 665 1516 701 cotidie
1539 667 1665 701 damus

115 741 123 744 ,
162 713 196 752 1,
223 711 279 752 12,
306 713 346 751 7.,
366 710 531 752 ,dandum
559 708 694 755 aliquid
726 711 904 746 comoedo
933 722 1078 756 quoque
1104 715 1139 756 1,
1165 714 1222 756 11,
1250 714 1283 746 1.
1317 713 1403 747 dare
1431 711 1566 758 aliquid
1601 713 1664 747 ad-

117 792 122 796 ,
159 755 347 799 versario,
378 757 476 799 quod
500 766 567 800 pro
591 767 630 790 se
654 762 755 800 putet
780 758 816 801 6,
842 755 877 800 4,
903 758 960 793 18.
986 757 1121 803 aliquid
1144 758 1470 794 commendantium
1496 758 1662 804 personis

161 802 261 836 dabit
289 804 355 845 12,
379 805 422 845 7,
449 801 486 838 5.
524 803 635 837 rebus
657 814 766 837 sensu
790 804 993 838 carentibus
1020 810 1139 839 actum
1166 806 1344 850 quendam
1368 811 1405 839 et
1431 803 1571 840 animos
1596 805 1663 840 da-

158 859 239 882 mus
263 850 306 891 8,
331 849 373 891 6,
409 851 466 883 11.
505 860 658 894 quorum
693 850 785 884 nihil
817 849 887 884 nisi
921 851 1084 895 perfecte
1117 850 1268 896 sapienti
1305 852 1409 885 datur
1441 854 1509 895 12,
1531 854 1578 895 2,
1603 852 1662 890 19.

161 894 292 940 quodsi
327 894 416 929 mihi
449 896 512 930 des
538 895 728 931 consilium
750 896 909 941 judicum
931 897 1146 942 sapientium
1173 900 1232 941 12,
1247 899 1314 940 -10,
1338 898 1396 932 52.
1423 897 1570 951 Graefis
1592 908 1662 933 no-

159 941 314 975 minibus
341 942 496 976 Graecas
521 941 781 978 declinationes
806 944 892 978 dare
918 946 951 986 1,
976 945 1020 988 5,
1045 944 1106 979 63.
1147 943 1220 978 dati
1245 943 1460 990 spectaculis
1484 945 1562 978 dies
1587 946 1661 988 ,12,

159 991 199 1031 1,
226 989 261 1023 6.
297 989 453 1032 propriis
485 989 694 1036 dignitatem
726 991 787 1024 dat
816 990 1006 1035 antiquitas
1038 991 1083 1034 8,
1107 992 1150 1034 3,
1177 988 1235 1024 24.
1281 1001 1340 1024 res
1375 1001 1418 1024 ac
1452 989 1663 1035 dispositio-

157 1046 243 1068 nem
266 1033 470 1069 inventioni
493 1036 591 1070 dedit
617 1038 640 1071 3
655 1063 665 1080 ,
692 1039 736 1081 3,
760 1040 794 1073 7.
830 1037 1012 1071 Homerus
1035 1037 1186 1071 brevem
1209 1041 1246 1070 et
1266 1036 1452 1082 propriam
1483 1037 1664 1081 eloquen-

159 1081 247 1115 tiam
278 1082 449 1115 Menelao
484 1083 582 1116 dedit
613 1086 679 1127 12,
707 1086 765 1128 10,
788 1081 848 1119 64.
884 1082 1061 1128 Epicurus
1084 1084 1276 1118 humanam
1300 1082 1336 1117 ei
1359 1081 1484 1127 (Deo)
1506 1083 1661 1117 formam

155 1129 351 1171 locumque
374 1128 469 1162 inter
491 1129 646 1163 mundos
671 1131 751 1165 ded.
775 1133 820 1173 7,
846 1132 890 1174 3,
915 1132 948 1165 5.
977 1128 1105 1173 Celso,
1137 1129 1200 1175 qui
1232 1141 1342 1170 unam
1369 1130 1547 1174 quandam
1572 1128 1659 1163 huic

156 1174 251 1218 parti
282 1175 436 1207 formam
473 1175 554 1208 ded.
589 1176 632 1218 9,
668 1174 712 1219 4,
742 1178 821 1210 132.
854 1187 985 1228 ‘neque
1007 1176 1142 1211 humile
1165 1175 1342 1210 sermonis
1366 1186 1488 1228 genus·
1507 1174 1658 1228 epilogis
1719 1200 1728 1204 .

157 1220 319 1254 dabimus
344 1223 401 1263 11,
429 1221 463 1263 1,
489 1221 525 1255 6.
562 1221 687 1255 demus
721 1221 819 1255 idem
851 1221 988 1269 mgenii
1012 1230 1073 1256 etc.
1101 1222 1258 1267 pessimo
1281 1227 1388 1266 atque
1415 1228 1551 1266 optimo
1574 1231 1657 1257 viro

109 1308 111 1314 ,
158 1268 226 1310 12,
259 1269 276 1300 1
292 1291 303 1309 ,
336 1267 373 1302 9.
405 1265 534 1301 Cicero
559 1266 699 1301 initium
726 1267 854 1301 orandi
876 1268 1124 1302 conditoribus
1146 1268 1289 1302 urbium
1321 1279 1364 1301 ac
1389 1268 1509 1314 legem
1531 1267 1660 1302 latori-

157 1313 224 1347 bus
249 1313 331 1347 ded.
356 1314 393 1355 3,
416 1315 453 1357 2,
474 1311 510 1347 4.
534 1313 631 1347 idem
654 1313 742 1358 juris
767 1313 995 1358 responsuris
1022 1315 1126 1359 datur
1149 1317 1206 1357 12,
1225 1315 1260 1358 9,
1288 1315 1343 1348 11.
1387 1315 1450 1358 qui
1474 1325 1496 1347 a
1521 1313 1658 1347 Latinis

157 1358 323 1405 exiget
351 1359 451 1393 illam
487 1360 636 1406 gratiam
659 1360 861 1404 sermonis,
906 1362 983 1395 det
1014 1360 1105 1394 mihi
1131 1360 1171 1394 in
1195 1359 1400 1404 eloquendo
1426 1359 1578 1394 eandem
1600 1361 1660 1403 ju·-

154 1406 373 1440 cunditatem
399 1411 435 1440 et
466 1418 591 1451 parem
618 1407 759 1451 copiam
785 1410 841 1449 12,
869 1409 926 1450 10,
951 1406 1009 1442 35.
1032 1407 1063 1441 si
1090 1406 1179 1440 mihi
1204 1406 1384 1451 sapientes
1404 1404 1543 1450 judices
1567 1406 1658 1440 den-

153 1456 213 1486 tur
235 1455 278 1496 2,
306 1455 350 1487 17
363 1477 374 1495 ,
400 1454 457 1487 28.
494 1459 531 1487 et
561 1453 774 1488 Philodamo
797 1470 843 1478 —
871 1459 907 1487 et
943 1452 1022 1487 aliis
1060 1452 1221 1498 pltu'imis
1255 1463 1336 1486 suas
1372 1451 1540 1486 lacrimas
1574 1451 1668 1486 ded:

154 1497 330 1543 (Cicero)
354 1500 389 1542 6,
418 1502 452 1542 1,
481 1498 538 1535 54.
558 1512 592 1534 υ.
609 1499 834 1534 Lacrima.
866 1500 1010 1533 laudem
1043 1499 1189 1535 virtutis
1221 1497 1428 1533 necessitati
1461 1499 1588 1532 damus
1623 1501 1656 1541 1,

154 1547 190 1587 8,
218 1544 274 1579 14.
305 1551 474 1590 quattuor
496 1545 626 1590 (libri)
657 1545 854 1580 elocutioni
877 1547 1056 1580 dabuntur
1077 1548 1137 1581 Pr.
1159 1548 1218 1580 22.
1253 1544 1434 1579 licentiam
1455 1543 1558 1578 malis
1580 1543 1660 1578 dari

153 1595 211 1635 12,
239 1596 275 1634 7,
303 1595 335 1626 1.
367 1593 502 1627 dandus
527 1599 563 1627 et
586 1594 755 1628 fortunae
776 1593 881 1627 locus
908 1596 966 1637 10,
984 1593 1019 1637 6,
1040 1593 1074 1627 5.
1106 1593 1191 1626 dant
1217 1592 1263 1626 de
1289 1603 1329 1626 se
1355 1589 1657 1636 respondentibus

152 1638 428 1674 venustissimos
453 1641 553 1673 lusus
578 1640 612 1684 5,
643 1643 698 1683 13,
723 1639 781 1675 46.
820 1639 917 1674 dabit
942 1640 1095 1675 exordio
1128 1637 1314 1672 materiam
1343 1636 1387 1681 4,
1425 1639 1470 1680 1,
1507 1636 1657 1688 11..,ἰ11ει

154 1684 244 1719 mihi
267 1685 305 1719 in
331 1685 452 1729 pueris
476 1692 603 1720 natura
626 1686 812 1720 minimum
834 1686 912 1730 spei
934 1686 1074 1721 dederit
1099 1689 1134 1727 2,
1157 1684 1192 1727 4,
1217 1687 1253 1719 7.
1289 1693 1358 1717 nos
1387 1692 1492 1716 suum
1525 1692 1658 1727 cuique

153 1731 372 1775 professioni
397 1733 545 1766 modum
570 1734 693 1767 demus
717 1736 752 1775 2,
784 1735 818 1775 1,
842 1732 876 1766 4.
904 1732 1046 1766 dandi
1074 1737 1157 1765 sunt
1182 1730 1254 1773 iis,
1279 1728 1408 1774 quibus
1430 1738 1563 1764 vocem
1587 1739 1658 1762 ac-

156 1779 533 1821 commodamus,
559 1778 615 1812 sui
638 1790 759 1813 mores
783 1781 838 1820 11,
866 1781 899 1821 1,
927 1779 984 1813 39.
1018 1777 1061 1819 cf}
1094 1780 1150 1819 12,
1177 1777 1235 1810 Pr.
1257 1773 1293 1808 4.
1325 1773 1563 1821 grammaticis
1586 1784 1658 1819 po-

155 1824 266 1858 eticas
292 1824 453 1859 dedimus
483 1825 723 1869 (narrationes)
747 1827 783 1867 2,
810 1823 847 1867 4,
870 1827 905 1858 2.
932 1824 1087 1857 dandum
1112 1820 1279 1856 nonnihil
1304 1821 1412 1855 etiam
1435 1819 1656 1865 temporibus

153 1876 260 1915 atque
284 1870 429 1904 auribus
454 1874 511 1912 12,
529 1873 585 1913 10,
603 1870 661 1905 45.
694 1870 752 1904 cui
785 1868 1027 1912 (simulationi)
1060 1867 1385 1913 frequentissimam
1409 1867 1469 1900 dat
1491 1866 1657 1901 occasio·-

152 1928 237 1951 nem
261 1916 298 1960 6,
324 1919 358 1959 3,
383 1917 441 1951 87.
469 1916 514 1958 cf.
542 1920 560 1950 1
577 1942 587 1959 ,
612 1919 658 1960 3,
684 1920 739 1951 17.
767 1916 1051 1950 Demosthenem
1075 1915 1217 1950 dedisse
1250 1924 1398 1957 operam
1420 1911 1563 1946 Platoni
1598 1914 1657 1955 12,

149 1965 187 2006 2,
213 1965 271 1996 22.
295 1975 329 1996 υ.
348 1963 379 1997 Ο
394 1974 519 2006 pera.
549 1962 666 2006 primo
694 1962 802 2005 libro,
828 1973 899 2006 quo
923 1972 1118 2006 puerorum
1150 1979 1187 1986 —
1212 1959 1338 1994 studiis
1366 1959 1530 1993 ordinem
1553 1958 1656 1992 dedi-

149 2020 229 2042 mus
255 2011 312 2051 10,
342 2009 376 2051 5,
406 2011 439 2043 1.
469 2008 719 2053 pulcherrimis
749 2008 847 2043 vitae
870 2008 1073 2052 praeceptis
1099 2006 1247 2054 dignum
1271 2016 1313 2040 os
1337 2005 1435 2040 dabit
1455 2007 1511 2048 12,
1538 2003 1655 2053 11,,4.

149 2056 271 2088 datum
292 2054 425 2089 fabulis
450 2055 562 2089 otium
586 2054 631 2097 cs.
662 2056 728 2099 Ep.
765 2056 810 2088 ad
833 2056 972 2100 Tryph.
997 2058 1032 2088 2.
1057 2060 1117 2096 ut,
1141 2065 1223 2087 cum
1247 2051 1367 2086 omnia
1389 2050 1553 2102 utilitati,
1578 2055 1655 2084 tum

147 2107 288 2146 partem
312 2102 491 2146 quandam
514 2100 744 2136 delectationi
769 2102 868 2135 daret
893 2104 950 2144 12,
974 2103 1029 2135 10.
1057 2100 1113 2136 45.
1138 2101 1240 2134 hunc
1260 2100 1278 2142 (
1287 2097 1426 2143 pedem)
1450 2096 1561 2130 initiis
1589 2096 1653 2130 de-

149 2149 279 2182 derunt
305 2149 340 2189 9,
365 2146 399 2188 4,
430 2149 511 2183 106.
535 2150 642 2192 paulo
667 2150 749 2193 plus
769 2147 905 2183 scholis
930 2148 1055 2181 demus
1078 2148 1114 2190 9,
1139 2149 1182 2189 2,
1206 2147 1265 2180 81.
1294 2146 1374 2188 plus
1396 2142 1547 2178 honoris
1570 2152 1655 2176 cor-
1720 2150 1721 2153 ’

147 2205 278 2238 porum
301 2194 494 2230 virtutibus
523 2195 600 2229 dari
623 2197 659 2237 3,
683 2196 719 2238 8,
743 2195 778 2230 9.
804 2195 884 2238 plus
908 2193 1078 2228 membris
1103 2191 1267 2236 corporis
1291 2191 1374 2224 ded.
1402 2186 1563 2235 (Zeuxis)
1598 2190 1654 2230 12,

150 2243 208 2283 10,
234 2241 267 2275 5.
293 2243 373 2285 plus
401 2242 586 2275 stomacho
611 2253 717 2285 quam
740 2240 893 2275 consilio
918 2240 1016 2274 dedit
1041 2241 1098 2282 10,
1124 2242 1158 2282 1,
1177 2240 1255 2272 117.
1281 2235 1424 2279 Cicero,
1445 2245 1654 2288 'quan-quam

148 2297 275 2329 preces
305 2297 380 2321 non
406 2289 467 2322 dat
492 2287 624 2322 Miloni
649 2289 684 2331 6,
713 2290 732 2321 1
747 2313 758 2330 ,
782 2290 841 2321 27.
867 2285 910 2327 cs.
941 2286 984 2328 6,
1013 2286 1055 2328 5,
1081 2287 1135 2319 10.
1162 2284 1258 2328 quod
1282 2282 1385 2335 datur
1408 2286 1516 2315 etiam
1537 2291 1655 2324 impe-

148 2331 225 2365 ritis
251 2335 286 2374 4,
311 2336 347 2376 1,
374 2336 429 2368 15.
455 2332 502 2375 cfi
529 2337 594 2376 12,
621 2336 685 2377 10,
714 2335 748 2368 8.
781 2333 840 2367 cui
876 2332 1055 2366 desiderio
1081 2336 1254 2375 quantum
1277 2329 1355 2362 dari
1386 2327 1515 2362 debeat
1543 2324 1591 2370 4,
1616 2329 1653 2379 2,

151 2379 231 2410 122.
259 2379 374 2412 danda
398 2386 453 2414 est
481 2380 647 2415 omnibus
672 2379 790 2424 aliqua
814 2378 979 2413 remissio
1005 2381 1038 2421 1,
1061 2379 1095 2419 3,
1113 2378 1147 2411 8.
1173 2375 1257 2410 illae
1280 2372 1581 2418 reprehensiones
1607 2391 1656 2398 —
1721 2394 1728 2417 .·

150 2422 270 2456 animo
299 2425 427 2458 dantur
450 2432 511 2460 aut
530 2426 632 2470 justis
661 2426 751 2460 odiis
776 2426 809 2467 5,
839 2427 895 2469 13,
919 2426 975 2459 38-
1002 2434 1108 2468 ‘luem
1133 2419 1285 2466 (risum)
1311 2420 1446 2464 POPUJO
1469 2419 1654 2470 dabat,1¹²

148 2469 185 2511 3,
215 2469 293 2503 180.
323 2471 452 2505 ceteris
476 2474 584 2520 longa
612 2478 708 2507 aetas
732 2471 885 2516 spatium
913 2469 1009 2511 dabit
1037 2472 1071 2512 1,
1095 2470 1130 2511 8,
1155 2469 1190 2503 8.
1218 2466 1398 2502 Hannibal
1419 2485 1468 2492 --
1496 2474 1654 2510 speciem

147 2514 243 2548 hosti
268 2515 430 2550 abeuntis
456 2519 635 2553 exercitus
662 2518 761 2552 dedit
785 2521 827 2561 2,
854 2519 918 2559 17,
945 2516 1001 2551 19.
1042 2526 1115 2549 non
1148 2513 1245 2548 dabit
1276 2512 1365 2547 mihi
1404 2522 1505 2562 spem
1536 2510 1653 2544 bonae

146 2559 279 2593 indolis
306 2563 337 2603 1,
362 2564 396 2604 3,
425 2567 458 2605 2,
489 2564 689 2608 Olympo
715 2570 750 2598 et
775 2569 982 2608 tyranno
1020 2567 1160 2595 acutam
1196 2560 1370 2604 syllabam
1404 2557 1558 2590 mediam
1590 2555 1654 2588 de·
1697 2558 1710 2600 ,ς’

148 2606 277 2639 derunt
303 2609 334 2648 1,
361 2610 394 2649 5,
420 2610 476 2642 62.
504 2610 648 2654 quidam
671 2612 802 2657 longae
824 2608 968 2642 ultimae
995 2607 1063 2650 tria
1085 2613 1248 2651 tempora
1274 2605 1450 2654 dederufflt
1472 2603 1507 2643 9,
1530 2600 1566 2643 4,
1591 2600 1650 2636 94-

146 2652 244 2696 quod
269 2657 409 2696 tempus
433 2665 506 2688 non
530 2661 602 2690 tam
631 2656 725 2698 stilo,
755 2667 860 2700 quam
883 2653 1108 2698 inquisitioni
1133 2651 1284 2686 instituti
1311 2659 1432 2692 operls
1464 2652 1500 2681 et
1524 2648 1652 2699 legen-

147 2697 201 2731 dis
226 2698 431 2732 auctoribus
456 2702 576 2735 datum
611 2708 666 2736 est
693 2703 758 2746 Ep.
789 2702 834 2735 ad
859 2701 997 2745 Tryph.
1024 2702 1055 2733 1·
1085 2698 1130 2740 cs·
1154 2702 1189 2742 2,
1218 2700 1252 2740 1⁹
1279 2697 1336 2730 13·
1363 2697 1429 2736 ¹22
1455 2696 1496 2735 7’
1523 2695 1579 2727 10·
1605 2694 1654 2727 1¹*

146 2745 272 2778 berum
296 2745 421 2778 demus
446 2746 512 2790 iis,
546 2758 699 2791 quorum
733 2747 918 2795 negotium
952 2745 1039 2788 erit,
1074 2751 1214 2788 tempus
1242 2753 1284 2776 ac
1309 2743 1429 2775 locum
1456 2742 1499 2771 12
1511 2740 1592 2791 ’,.8.’
1615 2741 1649 2773 7·

142 2789 228 2825 huic
252 2790 308 2826 rei
334 2792 460 2835 perit
488 2798 652 2838 tempus,
679 2795 919 2839 quodcunque
943 2790 1046 2827 alteri
1070 2791 1210 2825 datur
1245 2791 1302 2831 12,
1325 2789 1359 2829 Ἰ,
1387 2786 1421 2821 6·
1454 2785 1655 2819 ”umfflbus
