1728 3002
560 173 745 219 Tractus
773 199 829 208 —
858 173 1005 218 Trade
1454 154 1551 215 '903

65 293 204 341 plenius
231 302 298 328 suo
320 290 474 338 quidque
496 291 833 326 loco-tractabimus
858 292 894 333 2,
919 291 976 332 13,
999 287 1057 322 14.
1114 284 1159 332 δ)
1181 300 1248 333 seq.
1271 289 1430 322 sententia
1453 289 1555 321 inter-

65 349 195 383 rogat„-
218 343 384 381 tractare,
407 338 588 383 quomodo
615 343 675 371 aut
700 348 767 382 pro
789 336 888 370 falsis
905 341 964 369 aut
988 334 1092 369 etiam
1114 345 1179 379 pro
1199 334 1340 377 injustis
1364 335 1554 379 aliquando

65 387 203 422 dicatur
230 388 287 428 12,
316 388 350 427 1,
374 383 431 418 34.
453 383 595 418 habitus
619 384 761 429 quidam
786 382 916 425 animi,
942 392 1014 426 quo
1037 387 1227 424 tractatur,
1253 381 1387 416 amicus
1411 392 1459 414 an
1483 380 1555 414 ini-

62 434 176 468 micus
200 434 234 471 5.
260 433 316 474 10,
338 431 385 466 29
406 431 454 464 Ν.
476 443 522 464 cr.
550 441 620 474 qua
644 430 706 465 via
727 435 907 470 tractatur,
935 439 979 462 an
998 428 1154 462 voluerit
1172 428 1315 470 eadem,
1341 437 1413 472 quo
1433 426 1555 460 animo

62 478 191 514 fecerit
214 481 248 521 7,
276 480 311 519 2,
335 477 392 511 56.
423 475 468 518 cs.
492 479 526 518 2,
551 479 586 520 2,
608 478 643 511 9.
670 480 705 519 7,
733 478 788 518 10,
816 476 851 509 6.
881 477 936 516 12.
960 477 995 516 7,
1019 476 1055 509 8.
1089 474 1222 508 inter
1249 471 1484 518 Pomponium
1513 483 1556 506 ac

65 525 239 560 Senecam
265 523 371 558 etiam
392 521 672 566 praefationibus
702 533 781 556 esse
808 527 1017 563 metatum,
1040 532 1086 554 an
1110 538 1153 545 —
1182 519 1252 553 dici
1281 519 1495 563 oportuisset
1519 520 1555 562 8,

63 574 99 614 3,
127 574 185 606 31.
203 569 353 614 ‚tractari
376 574 431 611 et,
457 574 536 602 utra
561 569 607 602 sit
629 568 809 613 antiquior
830 566 941 611 (lex),
965 572 1001 600 et
1022 568 1123 602 velut
1149 565 1454 611 potentissimum,
1475 570 1556 599 utra

3 634 5 637 ·
62 617 182 652 minus
205 615 356 661 perdat?
392 618 427 658 7,
450 617 486 657 7,
508 615 532 649 8
558 619 601 649 Ζ.

20 661 220 704 Tractus.
259 671 302 714 1)
327 672 438 706 multo
465 671 611 719 gurgitis
634 676 750 705 tractu
775 673 829 712 12,
856 673 891 714 2,
918 672 974 704 11.
999 669 1108 714 quod.
1136 667 1299 713 corporis
1323 674 1368 701 tr.
1394 668 1479 711 (Sp.
1504 671 1557 720 ta-

65 719 153 763 ctu)
179 720 223 762 6,
244 721 290 761 3,
317 721 340 753 7
368 718 416 755 Ν.
441 725 472 751 et
497 719 534 752 S.
592 717 653 760 11)
682 722 821 751 imula
853 717 892 751 in
916 716 1016 750 omni
1040 726 1211 759 corpore,
1242 720 1392 759 totoque
1417 718 1482 753 (ut
1508 718 1558 749 ita
1580 720 1583 728 ¹

65 765 239 805 dixerim)
262 770 307 798 tr.
333 763 526 806 (orationis)
548 765 591 806 9,
614 762 661 808 4,
684 764 743 798 61.
772 762 818 806 cs.
843 763 885 804 5,
908 764 953 807 8,
979 765 1021 806 23
1053 773 1160 807 pares
1187 761 1429 796 elocutionum
1451 765 1497 794 tr.
1521 758 1558 802 4,
1608 765 1611 772 “

63 814 99 856 2,
123 809 192 846 118
214 811 258 844 Ν.
281 822 316 844 v.
344 809 639 844 Declinatio.

20 866 230 909 Traditio·
274 881 298 912 ἰ.
325 891 356 924 ‹1-
382 880 634 921 institutio,
673 879 904 912 doctrina.-
941 887 1055 922 prope
1088 876 1183 909 nuda
1217 880 1489 920 praeceptorum
1511 879 1558 908 tr.

63 927 109 968 3,
133 927 178 968 1,
197 927 236 959 2..
267 924 387 969 jejuna
414 930 484 968 atq.
508 924 604 958 arida
626 930 671 958 tr.
707 927 751 958 ib.
776 927 811 958 3.
848 924 940 957 adeo
971 922 1110 957 infinito
1146 923 1261 966 spatio
1292 933 1334 956 ac
1368 921 1560 956 traditione
1604 956 1608 958 ,

65 981 157 1014 opus
179 981 253 1005 non
282 976 336 1004 est
360 973 416 1012 12,
442 973 498 1013 11,
523 971 567 1005 16
590 971 639 1004 Ν.

20 1013 182 1058 Trado.
229 1025 266 1069 1)
294 1025 451 1071 proprie:
476 1038 568 1072 puer
590 1046 634 1052 —
657 1027 851 1061 tradendus
874 1026 951 1069 ejus
979 1025 1065 1059 artis
1087 1024 1266 1072 magistris
1290 1023 1358 1058 erit
1383 1026 1427 1066 2,
1453 1025 1500 1066 2,
1527 1025 1560 1055 1.

68 1072 114 1115 cf.
140 1076 174 1116 1,
199 1075 232 1115 3,
258 1075 292 1107 1.
319 1075 356 1116 2,-
386 1075 420 1117 1,
445 1076 478 1107 1.
505 1073 709 1118 priusquam
731 1071 867 1106 rhetori
893 1072 1077 1105 tradantur
1104 1074 1138 1113 1,
1163 1074 1222 1114 10,
1248 1073 1281 1105 1.
1315 1069 1359 1111 cf.
1384 1072 1419 1107 2.
1443 1071 1478 1111 1,
1505 1070 1562 1102 12.

68 1120 268 1154 studentem
296 1135 341 1144 —
367 1119 591 1164 frequentiae
631 1120 834 1153 scholarum
869 1123 905 1151 et
942 1119 1044 1152 velut
1078 1117 1231 1161 publicis
1270 1113 1590 1163 praeceptoribus

67 1166 269 1199 tradere
293 1178 370 1208 opp.
397 1165 648 1200 continere
675 1168 710 1208 1,
737 1168 772 1207 2,
798 1167 830 1198 1.
864 1163 894 1197 si
918 1163 1188 1197 mihi-tradatur
1211 1163 1415 1196 educandus
1440 1165 1565 1195 orator

67 1213 126 1245 Pr.
153 1213 195 1253 53
221 1222 267 1244 an
291 1210 379 1246 Cato
403 1218 502 1246 recte
524 1211 698 1246 Marciam
720 1210 918 1244 Hortensio
941 1209 1125 1244 tradiderit
1147 1211 1190 1252 3,
1215 1210 1258 1251 5,
1285 1212 1339 1242 11.
1367 1207 1411 1249 cs.
1438 1209 1505 1249 10,
1530 1208 1564 1249 5,
1608 1206 1609 1209 ’

70 1259 128 1300 13,
174 1255 235 1300 11)
257 1260 373 1291 *raml-
410 1257 460 1300 α)
485 1271 514 1292 c.
540 1261 625 1292 Dm.
652 1264 710 1290 aut
734 1260 936 1300 Praeposs..·
962 1267 1020 1298 ars
1046 1256 1187 1300 utrique
1211 1255 1340 1288 tradita
1362 1257 1398 1297 2,
1423 1255 1480 1295 17,
1508 1253 1565 1286 33.

69 1314 116 1337 an
139 1303 323 1347 Philippus
346 1322 394 1328 —
415 1303 490 1338 filio
519 1314 586 1337 suo
611 1303 724 1348 prima
758 1303 938 1336 literarum
970 1300 1148 1337 elementa
1182 1301 1273 1335 tradi
1299 1301 1343 1334 ab
1370 1299 1565 1333 Aristotele

69 1348 244 1385 voluisset
268 1351 308 1392 1,
337 1351 379 1392 1,
404 1352 462 1384 23.
486 1351 597 1384 decor
620 1348 839 1382 discentibus
866 1349 1015 1382 traditus
1041 1353 1081 1390 1,
1109 1350 1146 1381 11
1162 1374 1173 1391 ,
1198 1348 1255 1382 19.
1292 1346 1335 1388 cs.
1361 1348 1426 1388 12,
1454 1348 1497 1388 2,
1521 1346 1567 1378 12

70 1407 105 1429 υ.
132 1394 295 1429 Disco.
327 1406 419 1439 quae
443 1396 638 1430 secundum
661 1400 821 1428 naturam
845 1394 1077 1438 judicantium
1105 1394 1235 1428 dicta
1265 1398 1395 1435 sunt,
1419 1401 1493 1425 non
1518 1390 1567 1423 ita

2 1440 4 1442 ’
70 1441 224 1486 posteris
248 1442 499 1476 tradentur
522 1444 585 1485 12,
610 1443 673 1483 10,
701 1442 755 1476 55.
792 1439 1044 1484 [monumenta
1075 1452 1195 1475 rerum
1222 1438 1375 1484 posteris
1404 1443 1463 1471 aut
1490 1437 1567 1479 jura

72 1487 324 1532 quaerentibus
348 1489 463 1522 tradet
488 1490 555 1527 (Ζ.
580 1488 730 1528 reddet)
753 1490 820 1528 12,
849 1490 912 1529 11,
936 1486 960 1520 4
977 1485 1064 1530 N.];
1107 1487 1203 1531 quod
1235 1486 1296 1519 illa
1323 1483 1424 1529 quasi
1451 1482 1569 1516 media

73 1534 202 1576 quaed.
226 1543 351 1566 manus
375 1539 625 1577 acceptum
658 1534 702 1565 ab
726 1533 937 1566 inventione
964 1531 1115 1566 tradit
1145 1531 1341 1574 elocutioni
1366 1533 1431 1572 11,
1461 1532 1503 1571 2,
1533 1530 1567 1562 3.

73 1583 186 1610 artem
215 1578 343 1611 orandi
374 1578 487 1612 literis
520 1578 740 1611 tradiderunt
767 1579 824 1610 Pr.
843 1578 878 1611 4.
907 1590 940 1613 v.
962 1577 1207 1611 Memoria.
1245 1577 1414 1619 exempla
1444 1584 1570 1609 eorum

74 1622 167 1656 tradi
191 1623 325 1666 scripto
351 1629 425 1657 non
451 1629 598 1667 possunt
623 1626 658 1665 1,
687 1625 729 1664 5,
753 1625 808 1659 17,
834 1629 1024 1667 praecepta
1048 1622 1243 1666 sapientiae
1268 1622 1434 1657 versibus
1461 1619 1570 1654 tradi-

75 1669 204 1702 derunt
229 1671 263 1711 1,
285 1666 322 1710 4,
344 1667 386 1710 43
419 1680 544 1713 parum
570 1669 624 1701 ad
646 1673 810 1711 posteros
833 1669 969 1715 gloriae
994 1669 1213 1703 tradiderunt
1237 1672 1295 1712 12,
1323 1671 1380 1710 11,
1404 1668 1462 1701 28.
1488 1676 1571 1700 cum

74 1713 128 1748 illi
150 1713 340 1759 plurimum
363 1714 407 1748 in
431 1721 594 1758 posteros
618 1713 825 1747 tradiderint
850 1717 906 1758 10,
932 1718 968 1757 2,
995 1716 1028 1748 6.
1055 1715 1099 1757 qs.
1119 1718 1152 1758 1,
1178 1718 1211 1757 1,
1234 1715 1269 1748 6.
1315 1714 1354 1758 β)
1378 1726 1409 1747 c.
1426 1710 1569 1748 Aban..-

127 1761 204 1794 aed.
226 1759 319 1793 tradi
343 1765 418 1794 arte
441 1771 514 1795 non
537 1766 684 1804 possunt
706 1761 741 1802 9,
766 1759 801 1802 4,
827 1763 893 1794 117
918 1774 948 1795 v.
971 1759 1072 1793 Ars.
1096 1760 1133 1794 in
1156 1760 1329 1794 fabulosis
1352 1765 1388 1793 et
1413 1757 1571 1793 carmine

34 1846 38 1849 Π
132 1805 213 1839 ditis
243 1808 285 1848 2,
316 1803 358 1848 4,
389 1807 445 1840 18.
480 1805 664 1848 cnjus.rei
698 1806 903 1840 observatio
939 1806 1073 1850 judicio
1107 1806 1220 1851 magis
1250 1805 1433 1840 sentiri
1466 1814 1572 1848 quam

78 1850 280 1895 praeceptis
301 1852 427 1885 tradi
450 1858 569 1896 potest
591 1854 655 1893 11,
682 1854 723 1894 1,
746 1853 804 1887 91.
832 1852 1009 1896 (exempla)
1035 1852 1259 1887 sermonibus
1281 1853 1382 1886 velut
1406 1862 1471 1895 per
1494 1861 1573 1883 ma·

79 1908 148 1930 nus
170 1897 299 1930 tradita
324 1900 389 1940 12,
413 1897 456 1940 4,
483 1901 526 1939 1;
566 1898 714 1931 deorum
738 1903 809 1941 atq.
832 1898 980 1932 heroum
1008 1898 1168 1944 effigies,
1202 1899 1324 1942 quales
1347 1897 1391 1930 ab
1417 1907 1463 1930 eo
1490 1899 1573 1929 sunt

79 1942 312 1984 traditae,
349 1943 482 1986 ceteri,
516 1949 682 1988 tanquam
715 1943 762 1976 ita
790 1955 939 1978 necesse
963 1944 1031 1986 sit,
1070 1949 1332 1988 sequuntur
1356 1946 1422 1984 12,
1450 1944 1512 1984 10,
1537 1942 1572 1978 5.

81 1988 119 2032 y)
144 1991 168 2021 ἱ.
189 2002 222 2034 q.
249 2001 413 2031 narro,
438 1990 585 2023 doceo.
632 1989 670 2031 a)
694 1995 734 2022 ut
756 1989 900 2032 plurimi
921 1989 1141 2034 maximique
1166 1996 1329 2023 auctores
1353 1988 1574 2022 tradiderunt

82 2036 118 2076 3,
133 2036 179 2085 κ3,
206 2036 236 2067 1.
262 2040 415 2078 utroque
437 2035 546 2068 modo
569 2034 720 2068 traditur
745 2037 779 2078 5,
805 2038 862 2079 10,
889 2035 944 2070 54.
968 2036 1266 2080 quemadmodum
1288 2046 1308 2068 a
1331 2035 1574 2078 Xenophonte

82 2079 234 2114 traditur
256 2081 293 2122 9,
318 2082 354 2122 2,
378 2081 433 2115 36.
458 2086 498 2114 ut
520 2081 686 2114 traditum
710 2086 764 2115 est
790 2084 847 2122 11,
870 2085 907 2124 2,
933 2084 989 2114 12.
1014 2083 1106 2116 sicut
1127 2081 1319 2126 antiquitus
1344 2080 1575 2114 traditum

85 2124 359 2169 accepimus
383 2127 424 2165 6,
449 2129 492 2168 2,
518 2127 554 2160 8.
581 2137 654 2160 non
681 2126 879 2160 inventa
906 2138 971 2171 per
996 2139 1054 2162 me
1081 2129 1145 2162 sed
1170 2129 1214 2161 ab
1239 2126 1316 2160 aliis
1339 2125 1516 2160 tradita
1538 2126 1575 2166 3,
1607 2142 1610 2144 v

85 2173 120 2211 1,
144 2171 176 2205 5.
201 2181 269 2204 nec
295 2177 460 2216 tanquam
483 2172 665 2206 tradita
690 2173 754 2206 sed
775 2178 944 2217 tanquam
966 2172 1130 2207 innata
1151 2176 1188 2215 7,
1215 2176 1270 2212 10,
1298 2171 1354 2205 14.
1377 2172 1501 2216 siqua
1519 2175 1576 2204 est

83 2216 122 2250 in
150 2216 207 2249 his
230 2217 352 2259 culpa,
385 2217 558 2251 tradentis
582 2217 630 2260 (ἰ.
656 2231 684 2251 e.
710 2219 940 2260 magistri)
967 2225 1021 2252 est
1045 2222 1086 2262 3,
1109 2219 1151 2260 6,
1180 2219 1225 2254 59
1251 2217 1519 2260 v.Accipio.
1544 2215 1574 2250 si

85 2262 240 2296 tradenti
269 2261 427 2297 Caecilio
457 2263 633 2297 credimus
658 2264 700 2301 9,
725 2266 743 2297 1
758 2290 768 2306 ,
795 2267 851 2298 12.
895 2264 1036 2299 inscitia
1064 2265 1228 2298 tradendi
1259 2265 1322 2299 vel
1359 2261 1577 2309 negligentia

86 2310 155 2350 12,
180 2310 243 2350 11,
271 2307 325 2341 14.
359 2319 510 2352 quorum
537 2309 825 2356 diligentissimus
848 2310 887 2344 in
910 2311 1082 2344 tradendo
1105 2311 1232 2343 Latine
1255 2310 1322 2343 fuit
1347 2309 1388 2343 C.
1413 2307 1576 2355 Valgius,

88 2353 225 2387 Graece
244 2353 384 2388 Atticus
407 2357 442 2396 3,
463 2358 498 2396 1,
519 2357 575 2389 18.
624 2355 663 2396 b)
687 2368 717 2388 c.
747 2357 844 2400 0172.-
874 2368 937 2398 an,
963 2356 1097 2391 etiamsi
1122 2356 1357 2390 discenda
1380 2355 1452 2389 sint
1473 2356 1578 2396 haec,

88 2400 170 2432 eod.
197 2404 358 2442 tempore
385 2405 504 2434 tamen
525 2400 652 2434 tradi
678 2401 799 2435 omnia
822 2407 858 2436 et
880 2403 1067 2447 percipi
1092 2403 1231 2446 possint
1256 2405 1271 2435 1
1288 2427 1299 2444 ,
1326 2405 1391 2444 12,
1418 2404 1449 2435 1.
1485 2410 1577 2444 quae

89 2444 134 2478 ab
160 2444 361 2479 auctoribus
387 2446 492 2480 claris
516 2447 703 2489 traduntur
723 2449 769 2490 9,
794 2449 837 2490 3,
860 2449 919 2483 90.
954 2447 1000 2489 cs.
1026 2452 1072 2491 2,
1096 2450 1162 2490 13,
1188 2449 1245 2482 17.
1278 2450 1322 2489 3,
1344 2447 1388 2489 6,
1412 2449 1469 2480 20.
1496 2444 1577 2479 mi.

92 2491 157 2532 10,
184 2492 224 2532 1,
246 2491 306 2525 68.
330 2494 394 2533 12,
417 2494 458 2534 2,
483 2493 518 2526 8.
548 2492 585 2525 id
617 2492 759 2526 tradere
790 2493 840 2535 (i.
870 2506 900 2526 e.
927 2495 1135 2528 breviter
1167 2493 1386 2536 narrare)
1414 2492 1500 2526 satis
1524 2496 1578 2525 est

92 2537 134 2576 1,
161 2535 208 2577 5,
235 2534 293 2570 48.
323 2548 427 2581 quam
457 2538 588 2579 multa,
615 2537 724 2583 immo
747 2549 861 2582 paene
888 2539 1007 2573 omnia
1031 2539 1174 2573 tradidit
1198 2540 1315 2573 Varro
1339 2541 1403 2582 12,
1429 2541 1468 2571 11
1484 2563 1496 2580 ,
1520 2536 1577 2569 24.

91 2579 203 2633 ffiff,
231 2583 295 2623 10,
318 2582 353 2616 4.
389 2582 542 2616 studium
575 2583 718 2617 diversa
751 2581 915 2618 tradendi
940 2587 983 2626 3,
1009 2586 1053 2628 6,
1076 2587 1144 2627 22,
1183 2586 1350 2628 exempla
1375 2582 1576 2629 potentiora

90 2637 196 2670 lpsts,
225 2638 316 2672 quae
338 2629 540 2670 traduntur,
565 2628 699 2663 artibus
721 2634 802 2663 sunt
829 2633 892 2672 10,
917 2633 960 2671 1,
985 2631 1041 2666 15.
1068 2632 1145 2671 eius
1167 2630 1222 2665 rei
1244 2642 1361 2675 neque
1389 2628 1575 2672 disciplina

90 2673 164 2706 ulla
185 2673 224 2706 in
247 2673 379 2708 scholis
402 2685 519 2718 neque
541 2675 750 2710 exercitatio
772 2676 922 2709 traditur
944 2679 978 2719 5,
1002 2681 1038 2720 7,
1064 2678 1122 2711 28.
1145 2678 1286 2710 tradere
1311 2676 1350 2710 in
1374 2675 1575 2710 nominibus

91 2718 159 2751 tria
183 2729 315 2765 genera
340 2722 375 2762 1,
402 2719 439 2763 4,
463 2721 521 2754 23.
547 2719 592 2761 qs.
618 2722 653 2761 8,
677 2725 713 2764 2,
739 2724 794 2756 10.
829 2723 874 2756 sit
897 2728 1014 2757 tamen
1038 2722 1165 2756 tradita
1187 2729 1223 2756 et
1244 2723 1368 2759 Latina
1393 2718 1574 2766 (gradatio)

93 2764 131 2807 9,
160 2766 195 2808 3,
219 2767 276 2803 56.
300 2776 438 2810 01111188,
463 2776 553 2811 quos
575 2767 795 2812 tradidimus,
823 2774 1112 2815 argumentorum
1134 2770 1234 2803 locos
1257 2771 1315 2813 12,
1338 2770 1373 2811 8,
1399 2769 1454 2801 13.
1479 2766 1575 2812 quod
