1728 3002
521 166 790 227 Propositum
820 193 875 201 -
901 169 1075 227 Proprie
1478 171 1555 212 71¹

85 284 328 333 prspositioue
350 283 394 329 4,
422 283 497 330 Cap
587 283 830 330 propositione
857 283 955 327 visa,
977 284 1072 329 quod
1096 290 1150 319 est
1171 283 1398 328 facillimum,
1425 283 1558 331 cogite-

86 345 180 376 mus,
204 331 288 377 quid
310 331 467 369 naturale
598 330 607 338 ‘
646 342 705 364 um
720 330 935 375 responderi
959 333 996 374 7,
1026 334 1058 374 t,
1080 331 1126 365 26
1148 331 1194 365 Ν.

43 388 326 445 Propositum·
371 397 409 442 1)
442 401 465 432 ι’.
494 410 526 443 q.
556 405 742 443 mceptum
766 400 951 433 consilium:
986 397 1055 432 fnit
1078 394 1185 434 etiam
1216 397 1255 432 in
1276 398 1348 433 hoc
1376 396 1557 432 diversum

89 444 379 492 praecipientium
399 443 638 489 propositum,
673 445 795 489 quod
821 443 949 487 εισ.”2,
974 444 1016 485 6,
1043 446 1077 478 1.
1132 443 1234 478 uibus
1255 442 1557 488 propositum

89 491 232 536 quidem
253 490 399 533 melius,
431 490 493 524 sed
516 501 629 524 cura
651 490 687 523 in
709 491 877 535 proximo
901 495 955 525 est
977 493 1086 534 7,⁴1‚
1182 491 1225 523 N.
1264 490 1378 524 omnis
1408 488 1558 523 imitatio

91 538 138 572 ad
162 537 316 571 alienum
345 547 399 581 pr.
425 537 706 570 accommodatur
731 538 792 578 10,
814 538 856 579 2,
885 538 925 570 11
951 547 984 570 v.
1009 534 1338 570 Accommodo.
1370 545 1451 570 cum
1473 545 1556 580 pro-

159 582 208 618 ‘to
246 581 405 616 dissimili
432 582 493 616 vel
514 581 689 616 contrario
710 583 803 616 ratio
826 581 1047 635 subjungitur
1069 582 1104 626 5,
1129 581 1184 624 14,
1209 580 1244 615 4.
1269 583 1376 629 longe
1395 580 1485 615 absit
1505 591 1559 625 pr.

91 629 201 672 illud,
224 628 347 663 Potius
376 626 527 661 amicum
549 638 652 671 quam
678 627 810 662 dictum
833 627 971 672 perdidi
993 629 1071 672 (Sp.
1093 626 1285 672 perdendi)
1310 628 1355 670 6,
1378 629 1423 670 3,
1445 626 1492 661 28
1514 629 1560 660 Ζ.

195 684 270 709 non
291 673 338 708 sit
358 671 404 707 id
426 672 690 718 propositi,
722 679 761 708 ut
786 684 868 708 eum
890 673 1124 708 Demostheni
1151 683 1353 718 comparem
1377 673 1449 706 hoc
1474 677 1560 706 tem-

63 685 181 774 ᾦξε
211 721 276 763 10,
303 722 343 762 1,
371 720 438 754 105
460 720 509 753 Ν.
538 719 883 764 propositorum
903 724 940 754 et
961 719 1089 756 vitae
1116 723 1367 754 anteactae
1394 717 1561 752 differen-

74 769 143 807 ‚ua
170 767 233 808 11,
258 768 300 808 1,
326 763 373 799 42
396 765 445 798 Ν.
475 769 637 798 tenacem
658 775 736 800 esse
757 764 931 810 propositi
965 768 1010 800 ib.
1036 766 1095 801 90.
1122 776 1214 810 quae
1237 765 1431 800 secundum
1456 768 1562 796 natu-

91 822 170 846 ram
198 809 428 854 iudicantium
458 809 554 844 diota
582 815 683 854 sunt,
718 821 794 845 non
823 811 874 846 ita
897 809 1049 855 posteris
1070 812 1273 853 tradentur,
1306 821 1353 844 ne
1373 809 1563 845 videantur

93 856 329 902 propositi
354 855 485 898 fnisse,
508 865 583 889 non
604 856 834 901 temporis
862 859 929 899 12,
955 859 1017 899 10,
1042 858 1098 893 55.
1121 856 1153 890 si
1174 856 1309 890 nesciet
1339 861 1455 899 actor,
1477 854 1562 899 quid

93 902 267 948 propositi
290 901 389 936 testis
411 900 565 935 attulerit
586 902 630 943 5,
654 905 699 941 7,
721 904 778 936 20.
812 901 991 937 rhetorice
1016 912 1090 935 non
1112 901 1235 945 utique
1256 901 1475 945 propositum
1496 901 1563 933 ha-

94 949 157 982 bet
179 959 319 992 semper
338 958 425 982 vera
448 946 588 980 dicendi
616 949 655 990 2,
680 949 748 990 17,
766 948 824 982 39.
856 957 904 981 ne
924 947 1141 992 poenitentia
1160 946 1380 991 propositum
1401 951 1564 980 mutave-

94 993 167 1028 rint
189 994 234 1038 ⁵,
259 997 303 1037 7,
329 995 396 1035 133
430 992 461 1026 si
484 992 628 1038 desierit
653 1003 758 1038 agere
782 993 845 1028 vel
864 992 1118 1038 proposito
1150 994 1212 1028 vel
1237 1003 1349 1026 casu
1374 991 1564 1036 impeditus

96 1042 134 1082 2,
162 1040 219 1083 18,
241 1039 278 1073 3.
308 1038 434 1085 dignus
458 1039 520 1073 vel
541 1037 620 1083 ipso
643 1038 849 1083 proposito,
881 1044 921 1072 ut
942 1050 1023 1073 eum
1045 1037 1208 1083 (Celsum)
1230 1038 1339 1072 scisse
1363 1036 1483 1071 omnia
1504 1037 1566 1070 illa
1613 1045 1623 1050 ·

99 1085 283 1120 credamus
304 1087 374 1127 12,
399 1086 463 1127 11,
490 1082 546 1117 24.
578 1094 653 1118 non
684 1090 755 1118 tam
782 1083 967 1130 ingenio
993 1084 1046 1118 illi
1069 1083 1231 1127 (veteres)
1259 1094 1326 1118 nos
1356 1089 1566 1128 superarunt

98 1141 204 1176 quam
225 1129 477 1175 proposito
498 1131 542 1172 2,
566 1131 607 1172 5,
630 1129 688 1164 24.
714 1140 788 1164 non
821 1141 892 1163 una
924 1129 1087 1164 omnibus
1114 1131 1229 1164 forma
1253 1128 1408 1174 placuit,
1438 1128 1566 1173 partim

99 1174 406 1212 condicione
428 1175 491 1211 vel
512 1179 766 1219 temporum
789 1177 852 1211 vel
873 1176 1112 1218 locorum,
1134 1175 1263 1220 partim
1288 1174 1477 1219 judicio
1494 1185 1566 1209 ⁴cu-

96 1223 237 1267 jusque
257 1225 329 1266 atq.
359 1220 611 1267 proposito
636 1223 701 1264 12,
724 1223 787 1263 10,
802 1222 846 1255 ’2.
894 1222 951 1262 1Ῑῇ
976 1223 1019 1255 de
1048 1233 1113 1267 quo
1143 1222 1265 1254 dicturi
1296 1233 1430 1255 sumus.-
1471 1220 1568 1264 quod

43 1297 50 1301 ,
76 1264 227 1310 “,βηοώ
248 1267 387 1309 eea-v
412 1266 551 1309 dicunt,
586 1265 712 1300 Cicero
734 1265 1036 1310 propositum
1058 1268 1101 1309 3,
1126 1268 1168 1307 5,
1191 1266 1223 1301 5.
1248 1277 1339 1310 qnae
1365 1262 1567 1308 θέματα

68 1343 75 1347 .
99 1312 229 1356 Graeci
250 1316 400 1355 vocant,
435 1311 510 1346 Cic.
535 1311 794 1357 pro'posita
819 1315 865 1355 7,
893 1315 934 1355 1,
955 1310 991 1348 4.
1020 1313 1110 1347 haec
1139 1317 1307 1357 quattuor
1335 1311 1437 1348 velut
1462 1321 1567 1355 pro-

94 1357 248 1405 posita
271 1358 531 1402 formaeque
557 1357 728 1400 actionis,
760 1369 851 1402 quae
873 1363 948 1392 tum
970 1359 1154 1404 generales
1179 1363 1288 1392 status
1309 1358 1507 1400 vocabam,
1531 1355 1568 1389 in

30 1442 34 1445 ,
96 1405 170 1439 duo
195 1413 326 1451 genera
352 1403 535 1438 discedunt
561 1404 600 1446 3,
624 1403 665 1444 6,
689 1404 748 1438 86.
782 1403 915 1438 siccum
945 1409 981 1438 et
1010 1410 1228 1438 contracmm
1254 1409 1292 1438 et
1314 1402 1491 1438 solicitum
1514 1401 1569 1435 di-

97 1449 201 1485 cendi
221 1460 277 1494 pr.
305 1452 367 1492 11,
397 1451 434 1491 1,
471 1451 527 1483 32.
553 1448 693 1483 varium
716 1449 894 1496 agentium
915 1461 969 1494 pr.
995 1452 1059 1493 12,
1085 1451 1127 1493 9,
1153 1449 1209 1484 14.
1239 1460 1346 1483 omne
1371 1460 1424 1494 pr.
1451 1447 1570 1492 operis

47 1513 53 1515 -
97 1507 118 1530 a
138 1495 243 1533 nobis
269 1495 434 1529 destinati
456 1505 500 1529 eo
523 1501 658 1539 spectat
680 1497 724 1538 2,
748 1498 812 1535 10,
842 1498 898 1530 15.
932 1494 1038 1540 [Non
1058 1507 1180 1540 parum
1206 1495 1441 1544 significanter
1465 1493 1570 1527 etiam

98 1541 160 1575 illa
183 1541 223 1575 in
246 1541 377 1575 scholis
406 1537 487 1584 ἤθη
511 1540 717 1583 dixerimus,
741 1541 867 1585 quibus
888 1542 1098 1586 plerumque
1119 1540 1284 1584 rusticos,
1307 1539 1571 1586 superstitiosos

100 1593 162 1620 etc.
185 1587 377 1620 secundum
404 1585 651 1620 condicionem
672 1587 936 1630 propositorum
965 1587 984 1629 (
997 1589 1039 1620 de
1066 1587 1152 1629 conj.
1178 1589 1290 1629 Regi
1298 1590 1333 1630 i‚·
1359 1593 1442 1630 opit.
1469 1586 1573 1619 Codd.

100 1633 723 1712 mamea
738 1644 791 1709 4¹⁶
874 1631 1065 1718 wo>
1083 1633 1290 1713 §fficio
1313 1633 1349 1675 δ’
1372 1635 1408 1674 2,
1428 1633 1478 1709 2¹⁷
1503 1628 1570 1710 ἐξ]

0 1753 1 1760 ,
103 1689 194 1756 neni,
208 1686 316 1763 9p02,
339 1723 372 1754 1.
401 1722 611 1765 compositio
633 1702 819 1756 numerosa
842 1690 1118 1766 tali'pssobos'ito’
1135 1690 1277 1757 div‘exisa
1291 1689 1349 1763 lg.
1369 1687 1505 1764 128ρὶθί
1517 1725 1573 1754 10-

0 1769 1 1781 ¹
91 1766 303 1811 ·sophiae)
328 1768 384 1808 11,
407 1768 441 1807 1,
464 1768 520 1801 33.
542 1767 762 1811 propositum
783 1773 944 1802 tenentes
967 1767 1005 1800 in
1025 1768 1141 1802 rixam
1164 1779 1237 1802 non
1261 1767 1388 1801 ibimus
1409 1767 1446 1809 6,
1464 1765 1501 1809 4,
1516 1765 1571 1800 13.

62 1818 65 1819 ’
105 1813 203 1858 quod
226 1813 271 1845 ad
295 1811 514 1855 propositum
536 1812 648 1846 nostri
671 1812 788 1856 operis
811 1813 900 1846 nihil
923 1812 1075 1857 pertinet
1098 1818 1134 1856 2,
1161 1815 1218 1857 19,
1246 1816 1279 1847 1.
1312 1812 1397 1857 quid
1416 1813 1507 1846 haec
1532 1812 1575 1846 ad

103 1867 275 1904 praesens
294 1867 349 1900 pr.
375 1867 590 1904 magnopere
614 1858 813 1901 pertineant
836 1860 870 1901 5,
895 1861 950 1899 11,
972 1861 1029 1893 31.
1068 1859 1139 1893 Sed
1162 1860 1205 1892 ad
1228 1858 1459 1904 propositum.
1482 1859 1517 1900 3,
1538 1858 1577 1900 6,

43 1939 46 1942 ,
106 1906 166 1940 97.
190 1904 234 1945 8,
257 1903 301 1944 3,
330 1902 386 1936 15.
425 1903 469 1935 ad
491 1914 545 1946 pr.
570 1904 729 1946 subjecta
757 1903 847 1937 ratio
873 1906 915 1946 9,
938 1906 980 1946 3,
1006 1906 1063 1939 93.
1100 1905 1218 1939 redire
1249 1905 1292 1937 ad
1318 1915 1375 1948 pr.
1397 1904 1440 1946 9,
1466 1905 1513 1945 2,
1540 1901 1575 1936 4.

103 1961 141 1984 v.
164 1948 340 1989 nedem
361 1946 495 1991 etiamsi
517 1953 593 1982 toto
615 1949 800 1992 proposito
825 1948 874 1992 (i.
897 1962 926 1984 e.
947 1956 1044 1982 tota
1067 1953 1302 1993 proposita
1327 1950 1575 2000 sententiq,

106 1997 142 2028 in
164 1996 255 2027 initio
287 1995 449 2027 Ciceronis
475 1996 632 2027 orationis
654 2006 714 2036 pro
736 1996 888 2036 Milone)
911 2000 1130 2029 contractum
1153 2001 1188 2030 et
1211 1993 1458 2038 summissum,
1492 2005 1576 2039 qma
1647 1996 1650 1997 ⁷

108 2046 146 2075 et
168 2037 355 2074 exordium
377 2043 446 2081 est,
471 2043 506 2072 et
529 2038 658 2073 soliciti
680 2038 866 2072 exordium
887 2042 944 2082 11,
967 2042 1003 2084 3,
1026 2042 1085 2076 38.

20 2095 29 2100 i
65 2095 253 2157 Proprie.
297 2104 458 2157 planiore
480 2104 547 2138 hac
574 2104 790 2150 proprieque
813 2111 932 2140 nostra
977 2107 1162 2141 robatione
1185 2110 1226 2150 2,
1249 2110 1317 2151 20,
1338 2108 1373 2143 5.
1402 2108 1502 2151 cujus
1525 2118 1579 2152 pr.

111 2153 290 2187 studiosus
315 2151 382 2183 smt
406 2153 469 2193 10,
497 2152 539 2193 1,
570 2149 648 2185 114.
694 2151 739 2184 Et
768 2153 859 2186 haec
884 2118 1083 2195 (resi’atatio)
1113 2158 1167 2187 est
1196 2164 1271 2198 pr.‚
1304 2153 1363 2187 cui
1393 2153 1432 2187 in
1461 2153 1579 2188 causis

114 2202 259 2243 quartus
285 2195 480 2242 assignatur
504 2196 603 2230 locus
630 2196 664 2239 5,
686 2198 744 2239 13,
770 2199 802 2230 1.
826 2208 907 2231 cum
929 2196 1067 2246 signum
1095 2198 1133 2232 id
1154 2209 1209 2243 pr.
1228 2197 1273 2232 sit
1296 2198 1332 2243 5,
1352 2200 1388 2241 9,
1416 2197 1472 2232 14.
1505 2209 1581 2243 op-

113 2247 322 2288 portune
351 2240 629 2286 proprieque
663 2243 838 2276 collocata
870 2242 1000 2284 (verba)
1025 2245 1093 2286 10,
1114 2246 1157 2287 2,
1182 2245 1238 2278 13.
1275 2255 1331 2289 pr.
1355 2245 1468 2278 libros
1497 2244 1581 2278 huic

115 2287 218 2332 operi
245 2283 498 2322 dedicaverunt
519 2287 562 2329 9,
585 2289 630 2330 3,
658 2288 716 2323 89.
739 2287 887 2331 (verba)
910 2297 1001 2331 quae
1029 2288 1196 2323 nitidiore
1221 2288 1260 2323 in
1286 2296 1387 2335 parte
1414 2289 1583 2328 videntur

116 2332 280 2378 sordida,
302 2332 366 2365 ubi
385 2343 442 2375 res
463 2332 599 2376 poscit,
624 2344 679 2376 pr.
702 2333 866 2367 dicuntur
889 2335 954 2376 10,
979 2336 1019 2375 1,
1041 2334 1076 2370 9.
1118 2334 1163 2377 cs.
1188 2336 1229 2377 8,
1254 2337 1296 2377 5,
1320 2337 1355 2372 9.
1386 2335 1430 2379 9,
1454 2338 1497 2378 2,
1522 2334 1582 2370 41.

114 2378 278 2413 nondum
297 2383 413 2411 tamen
436 2378 506 2411 hoc
527 2389 581 2422 pr.
605 2378 738 2412 dixeris
762 2390 900 2413 causam
924 2381 966 2421 3,
989 2379 1033 2423 5,
1054 2380 1089 2415 9.
1134 2379 1180 2422 cs.
1207 2381 1251 2423 8,
1277 2383 1319 2423 3,
1347 2381 1405 2416 61.
1427 2387 1469 2421 ut
1488 2380 1583 2427 dicat

115 2434 178 2469 pr.
203 2428 238 2456 et
262 2422 453 2467 copiose
478 2425 511 2465 1,
535 2422 572 2466 4,
596 2425 628 2458 5.
656 2435 739 2468 pr.,
762 2425 988 2466 jucunde,
1013 2425 1325 2460 credibiliter
1347 2426 1467 2461 dicere
1488 2427 1524 2470 6,
1549 2429 1584 2469 2,

118 2469 176 2506 19.
197 2469 342 2502 alteram
366 2468 535 2520 (specim)
554 2469 684 2520 ‘Graeci
711 2468 838 2504 πάθος
859 2475 1010 2513 vocant,
1038 2482 1143 2514 quam
1166 2482 1232 2505 nos
1254 2477 1435 2507 vertentes
1458 2478 1586 2507 recte

118 2513 489 2603 gssmffi'kefflissiuffp
495 2514 705 2602 if‘ffif:
724 2517 830 2594 3412·
846 2515 990 2594 sisini?
1007 2519 1060 2595 ἐς.
1078 2519 1586 2608 }{·21‘³⁷?‘⁶,.‘¹1532⁷¹„2¹223‚⁰.

117 2605 230 2641 verba
257 2605 398 2657 poetica
418 2604 580 2656 lihertate
603 2605 789 2640 audaciora
811 2608 868 2649 10,
892 2606 926 2649 5,
949 2604 983 2639 4.
1006 2606 1082 2650 illa,
1106 2612 1145 2640 ut
1168 2609 1360 2643 narrationi
1381 2615 1511 2655 apta,
1536 2609 1586 2647 ita

118 2661 199 2685 cum
220 2655 348 2684 ceteris
370 2649 526 2695 pambus
550 2651 802 2686 communis
829 2657 882 2686 est
904 2651 1032 2696 virtus,
1059 2664 1163 2697 quam
1179 2655 1404 2690 Theodectes
1426 2655 1509 2690 huic
1524 2657 1587 2691 uni

121 2708 183 2740 pr.
212 2695 267 2735 (a.
289 2699 312 2730 1.
336 2695 526 2741 propriae)
549 2696 646 2730 dedit
667 2694 711 2740 4,
734 2700 776 2739 2,
799 2698 858 2733 63.
891 2707 997 2742 saepe
1019 2709 1040 2733 a
1061 2709 1213 2743 persona
1238 2700 1337 2746 prior
1364 2701 1460 2737 ducit
1483 2711 1586 2748 argu-
