1728 3002
602 270 736 312 Laete
775 291 831 299 -—
873 268 1075 326 Laqueus
1520 272 1603 312 477

19 369 47 439 ζ
76 386 227 430 Laete-
254 415 301 424 —-
321 409 368 434 an
391 408 559 434 nevere
582 394 702 431 dicere
724 395 761 439 8,
791 396 835 438 3,
867 394 933 438 4ος
977 393 1111 440 aliquid
1144 393 1239 429 ausis
1270 394 1445 430 laetius
1467 399 1527 430 aut
1556 394 1607 430 li-

26 446 38 493 ᾗ
121 445 318 481 centius
339 447 375 489 2,
397 443 434 488 4,
459 443 516 478 14.
562 442 690 478 laetius
712 441 925 476 decurrendi
953 441 1013 487 (de
1036 439 1216 486 oratione)
1248 443 1306 484 12,
1329 442 1365 485 9,
1386 445 1423 476 2.

18 494 53 545 ‚3⁸
74 490 276 534 Laetitia·
300 520 344 528 -—
369 499 572 536 animalium
602 503 659 545 11,
686 501 722 544 3,
743 500 802 535 66.
828 511 861 533 v.
887 498 1079 534 Animal.
1107 508 1183 533 non
1205 498 1236 532 si
1262 498 1452 534 laetitia
1473 475 1607 534 bonum

22 546 30 557 ⁴
121 553 157 582 et
182 549 410 594 voluptas
433 550 468 590 5,
496 550 553 590 10,
578 549 637 582 73.
682 545 817 580 laetitia
839 546 1028 580 defunctos
1053 550 1318 590 prosequuntur
1344 545 1379 590 5,
1410 548 1466 588 11,
1489 547 1549 581 38·
1571 557 1605 579 v.

122 595 299 628 Fletus.
345 605 434 638 quae
454 591 663 638 (lacrimae)
689 592 820 627 laetitia
844 597 990 626 manant
1018 594 1076 635 11,
1103 594 1139 634 3,
1163 593 1219 627 75.

72 637 247 681 Laetus·
295 651 397 692 1)·de
422 651 631 684 hominibus.-
666 649 783 685 laeti
805 655 842 684 et
869 650 1055 683 alacres
1080 651 1127 692 2,
1161 651 1206 692 2,
1237 651 1274 683 2.
1321 647 1417 683 idem
1447 648 1605 696 laetus

119 707 163 731 ac
182 695 653 740 pressus(auetor)1o‚
682 699 716 738 1,
738 695 797 733 46.
842 705 914 747 pro¹
941 694 1091 729 laetis
1115 694 1349 739 corrupti
1384 696 1448 737 10,
1483 698 1525 737 2,
1560 696 1603 727 16

119 743 156 776 S.
200 741 254 787 11)
276 746 392 776 imma.
422 743 465 776 de
491 745 587 776 rebus
621 744 662 783 α)
685 745 727 775 de
748 744 830 775 satis
854 749 887 775 et
908 744 1019 784 agn's:
1043 741 1143 778 velut
1169 743 1264 776 laeto
1294 741 1454 787 gramine
1481 742 1516 783 8,
1544 742 1605 774 Pr.

116 789 176 824 23.
219 789 323 823 velut
345 789 478 833 pabulo
503 787 653 823 laetiore
677 790 734 831 10,
763 788 798 831 5,
823 786 877 821 14.
925 786 1051 822 laetius
1075 788 1190 821 solum
1214 791 1272 830 12,
1302 791 1356 830 10,
1392 789 1450 822 78.
1495 786 1540 831 β)
1569 789 1603 819 in

116 835 274 868 dicendo.-
297 835 426 871 laeta
449 834 491 869 et'
510 833 767 881 magnifica
790 833 885 868 actio
910 833 1192 878 opp.>tristes
1217 845 1346 867 causae
1378 836 1434 875 11,
1459 835 1494 875 3,
1522 835 1602 867 153.

116 879 220 925 copia
238 879 389 914 floribus
412 881 506 915 laeta
528 883 563 924 8,
588 883 623 923 3,
647 881 706 916 87.
751 890 863 927 genus
898 879 1039 914 dicendi
1064 881 1243 913 laetum
1281 879 1506 914 tristibus
1540 879 1604 912 ad-

114 925 326 960 bibemus?
353 929 387 970 1,
413 930 447 969 1,
469 928 526 961 13.
572 927 674 960 locus
701 928 808 959 laet.
834 937 876 959 ac
900 925 1174 969 plausibilis
1200 925 1235 968 4,
1259 928 1294 969 3,
1321 929 1354 959 1.
1401 937 1506 970 quam
1528 926 1603 959 lae-

51 1006 64 1011 ,
114 970 257 1005 tissimis
278 973 340 1014 (a.
365 975 388 1005 1.
417 972 501 1014 lat.)
523 971 612 1005 locis
635 971 890 1015 sententiisque
917 974 974 1014 11,
1008 974 1043 1014 1,
1075 970 1134 1006 49.
1157 972 1363 1006 laetioribus
1386 970 1544 1005 numeris
1566 972 1602 1014 9,

114 1015 152 1060 4,
175 1018 232 1052 17.
278 1016 318 1051 in
340 1017 449 1051 rebus
472 1017 698 1051 tristibus
723 1016 926 1051 —laetis
954 1019 1010 1060 11,
1036 1019 1071 1059 3,
1099 1018 1178 1052 116.
1202 1030 1237 1051 v.
1271 1019 1372 1051 Res.
1407 1018 1490 1052 laet.
1524 1028 1602 1050 ser-

113 1072 175 1099 mo
197 1063 323 1106 5,‚14‚
341 1065 397 1098 33.
442 1068 581 1107 tempus
604 1068 679 1096 tum
701 1062 861 1106 triste,
894 1064 1172 1103 tumjaetum
1200 1066 1257 1106 11,
1288 1066 1322 1106 1,
1345 1062 1402 1097 46.
1450 1064 1601 1106 laeta,

111 1119 187 1142 non
207 1108 466 1152 luxuriosa
491 1112 548 1152 12,
574 1111 630 1151 10,
654 1110 711 1144 80.
758 1119 832 1142 non
854 1109 931 1142 sola
953 1108 1014 1142 illa
1039 1109 1271 1152 laetiora,
1311 1109 1429 1154 qualia
1451 1121 1473 1143 a
1497 1109 1603 1144 Cice-

112 1164 203 1189 rone
225 1154 408 1198 dicuntur,
441 1155 538 1189 Saxa
566 1161 672 1199 atque
696 1154 904 1189 solitudines
927 1155 1014 1191 voci
1034 1156 1277 1200 respondent;
1307 1156 1373 1190 sed
1395 1155 1504 1190 etiam
1525 1155 1602 1199 illa,

11 1231 13 1235 Α
40 1242 42 1244 v
113 1210 317 1246 quanquam
338 1202 484 1245 plena
509 1200 775 1247 sanguinis:
812 1204 869 1244 11,
898 1203 932 1244 1,
964 1199 1021 1235 34.
1600 1230 1601 1233 ,

21 1243 251 1301 ‘'Laevns.
276 1255 323 1298 a)
335 1258 362 1292 1.
384 1258 572 1292 humanm.
587 1261 646 1300 11,
669 1259 706 1299 3,
727 1259 813 1294 ⁴118.
838 1258 865 1291 1.
887 1258 979 1291 latus
998 1259 1045 1291 ib.
1070 1259 1150 1294 128.
1173 1257 1212 1292 in
1235 1258 1261 1291 1.
1284 1255 1421 1302 piu-tem
1446 1260 1491 1292 ib.
1518 1260 1600 1295 113.

45 1326 50 1330 -
108 1301 149 1347 β)
170 1304 264 1337 Fem.
289 1304 332 1337 de
356 1315 476 1337 moenu:
508 1305 648 1338 laevam
673 1303 864 1338 involvere
889 1309 994 1350 togae
1017 1306 1074 1348 11,
1098 1306 1133 1347 3,
1160 1303 1237 1339 146.
1261 1305 1367 1340 laeva
1392 1305 1449 1348 (a.
1474 1309 1496 1339 l.
1519 1305 1598 1339 lae-

105 1348 265 1432 i{alosa
291 1349 454 1428 faussibus
480 1357 542 1384 etc.
569 1350 748 1384 abducere
773 1349 843 1394 (sc.
870 1348 1048 1395 toga'm)
1073 1350 1225 1386 fen-145.
1251 1362 1272 1385 a
1294 1353 1443 1387 laeva
1468 1350 1597 1396 judicis

51 1399 62 1406 ”
140 1417 150 1429 .
177 1397 222 1432 13
246 1421 256 1431 .
284 1407 318 1429 v.
390 1401 537 1430 ext-er.

14 1436 37 1498 3⁵
54 1436 250 1496 'langena-
303 1452 376 1487 nisi
396 1453 423 1487 1.
445 1452 587 1497 (Amb.
614 1456 646 1488 1.
669 1451 827 1500 lagona)
854 1452 1047 1488 defecisset
1067 1453 1104 1497 6,
1126 1454 1163 1497 3,
1191 1455 1248 1488 10.

20 1499 23 1506 ’
46 1492 238 1548 Jaambo·
272 1509 432 1544 lambere
455 1521 499 1545 ea
521 1509 666 1555 (labra)
690 1513 747 1555 11,
774 1513 808 1554 3,
832 1512 890 1546 81.

45 1550 255 1605 §.Lamina-
299 1568 443 1602 tenuem
468 1567 618 1602 nimium
642 1569 725 1602 lam.
751 1569 884 1602 ducere
912 1570 949 1611 2,
972 1566 1009 1612 4,
1038 1571 1073 1602 7.

43 1609 197 1654 'Latia-
251 1624 429 1659 —tincta
453 1625 540 1659 fuco
564 1625 652 1659 citra
685 1637 926 1670 purpuras
959 1627 1076 1670 placet
1112 1626 1238 1660 Ovid.
1261 1627 1338 1668 -12,
1374 1628 1436 1669 10,
1469 1626 1516 1661 75
1542 1628 1592 1661 Ν.

37 1663 51 1687 ⁴
105 1667 144 1703 in
172 1680 243 1705 ove
265 1672 369 1704 lanae
391 1677 475 1705 sunt
496 1674 532 1714 7,
555 1673 592 1714 8,
615 1670 651 1705 4.
698 1673 799 1706 lanas
823 1673 981 1707 evehere
1005 1673 1165 1706 Tarento
1187 1682 1263 1706 non
1289 1672 1374 1706 licet
1400 1675 1444 1707 ib.
1475 1675 1510 1708 4.
1539 1674 1595 1707 la-

101 1724 229 1749 narum
251 1717 392 1751 colores
417 1719 451 1759 1,
476 1719 510 1760 1,
535 1717 571 1752 5.

57 1756 300 1816 Languere.
345 1774 394 1816 9,
427 1775 472 1816 3,
504 1775 563 1810 27.
587 1785 620 1807 υ.
645 1773 827 1811 Excito.

58 1813 327 1878 anguesco.
372 1829 517 1863 affectus
542 1831 748 1877 languescat
774 1834 829 1874 11,
853 1832 888 1873 3,
912 1833 948 1864 2.
973 1843 1007 1864 v.
1033 1831 1303 1866 Inardesco.
1348 1843 1471 1875 mens,
1499 1844 1593 1877 quae

106 1883 146 1906 in
189 1873 392 1918 hujusmodi
424 1875 570 1908 secretis
603 1882 663 1910 ant
682 1894 685 1898 ,
704 1876 997 1923 languescit,
1033 1882 1093 1910 ant
1124 1878 1254 1920 quend.
1287 1879 1388 1912 velut
1414 1879 1451 1912 in
1475 1890 1590 1922 opaco

106 1917 250 1953 situm
275 1919 420 1961 ducit,
457 1926 518 1953 aut
540 1927 664 1955 contra
689 1922 911 1956 tumescit
934 1922 1033 1956 inani
1063 1923 1294 1966 persuasione
1328 1928 1372 1967 1,
1399 1927 1442 1968 2,
1476 1926 1531 1960 18.
1554 1938 1590 1960 v.

106 1965 196 1999 Exo
210 1965 292 1999 ito.
339 1966 547 2010 longuescat
565 1966 622 2001 vis
645 1967 760 2000 omnis
788 1967 824 2010 4,
851 1971 886 2010 1,
908 1968 966 2002 67.

0 2004 368 2073 [Languidulus.
413 2021 559 2056 coronis
580 2022 793 2069 languidulis
823 2026 909 2061 οἱ..
934 2026 970 2066 8,
995 2025 1030 2066 3,
1054 2024 1110 2058 66.

0 2124 1 2127 Ἰ
35 2065 326 2123 ,Languidus
373 2089 498 2112 somno
519 2072 707 2125 languidus
738 2079 773 2120 4,
807 2082 843 2122 2,
877 2081 956 2115 106.
1011 2079 1229 2126 languidi
1266 2087 1303 2116 et
1334 2087 1590 2127 torpentes

12 2131 19 2136 ¹
102 2130 162 2158 aut
185 2129 436 2168 stupentes
462 2131 524 2158 etc.
548 2125 691 2168 (oculi)
716 2128 774 2168 11,
798 2127 835 2168 3,
868 2127 925 2160 76.
971 2127 1093 2160 vultus
1117 2137 1335 2170 severus,
1366 2139 1441 2162 non
1467 2141 1591 2165 moe-

0 2172 41 2222 Ὦι»
97 2176 294 2259 ῧῐςιέῃεῗ
317 2171 512 2251 sgllpens
538 2181 606 2205 neo
637 2171 898 2218 languidus
925 2174 970 2204 ib.
996 2173 1085 2213 1593
1118 2173 1230 2206 multo
1259 2174 1463 2220 languidior
1486 2177 1590 2220 (ora-
1625 2184 1627 2187 ’

18 2229 271 2360 ζζὲἓῖιὲιιόῐ.
296 2242 308 2260 ’
325 2230 478 2307 in‘iatus
501 2272 672 2308 inclinato
694 2273 854 2318 (capite)
877 2275 1031 2321 languor
1057 2275 1257 2310 ostenditur
1282 2278 1339 2320 11,
1365 2279 1400 2322 3,
1424 2277 1482 2314 69.

12 2347 44 2376 W
95 2373 100 2378 ι
122 2320 208 2386 nio.
253 2335 374 2366 vestes
399 2329 534 2364 laniare
559 2331 616 2373 (in
641 2330 811 2375 perorat.)
835 2333 893 2374 11,
918 2334 954 2375 3,
980 2331 1060 2367 174.

14 2383 19 2386 '
166 2390 254 2431 pes·
308 2387 490 2432 lanipedes
513 2387 608 2422 senis
637 2391 760 2423 Cass.
788 2389 824 2431 5,
849 2391 906 2432 11,
930 2387 977 2423 24
998 2390 1046 2423 Ν.
1076 2402 1123 2424 cr.

11 2450 50 2491 ,ἓν
116 2433 233 2488 Pido-
272 2445 457 2488 lapidare,
494 2445 579 2489 quid
602 2444 668 2489 sit,
707 2444 935 2480 manifestum
959 2452 1013 2480 est
1037 2448 1073 2490 8,
1102 2449 1138 2489 2,
1163 2447 1197 2482 5.

19 2543 48 2559 ’,γ’
79 2487 287 2581 jlgfflgs]
294 2501 425 2581 1lapillo
448 2507 574 2537 tenues
598 2513 712 2547 aquae
735 2501 951 2545 (finduntur)
978 2506 1034 2547 11,
1058 2506 1094 2547 3,
1117 2507 1177 2539 21.
1224 2504 1367 2550 objectu
1382 2505 1583 2551 lapillorum

8 2570 198 2656 '‘Lapis-⁵
221 2573 267 2629 :—
290 2603 436 2656 molaris
457 2607 494 2648 2,
519 2606 575 2647 19,
600 2605 635 2639 3.
682 2606 708 2640 1.
738 2605 984 2650 impolitorum
1015 2607 1053 2650 8,
1076 2607 1110 2650 6,
1141 2581 1198 2642 63.
1245 2613 1367 2643 notata
1402 2608 1582 2656 inscriptis

21 2675 26 2679 ,
93 2647 267 2688 lapidibus
290 2656 402 2695 spatia
423 2649 459 2693 4,
487 2650 521 2694 5,
547 2653 594 2684 22
619 2651 665 2685 Ν.
1167 2664 1170 2666 ’

0 2728 5 2735 ·
52 2697 263 2755 Laqueus.
309 2717 344 2762 1)
368 2719 481 2753 Necte
503 2719 693 2763 laqueum,
722 2719 832 2753 habes
845 2744 857 2762 ,
891 2719 987 2764 quod
1008 2720 1172 2755 faucibus
1194 2721 1266 2756 tuis
1294 2721 1460 2757 irascaris
1481 2724 1518 2767 8,
1541 2723 1578 2768 5,

98 2758 156 2790 23.
203 2757 250 2800 ΙΙ)
277 2767 413 2796 trenel„-
439 2765 577 2808 (κεῖρε)
601 2766 816 2799 inducuntur
843 2766 937 2810 (Sp.
965 2765 1176 2811 induuntur)
1207 2767 1247 2802 in
1276 2769 1424 2814 laqueos
1448 2769 1574 2813 (Codd.

43 2815 68 2826 -·
97 2809 177 2845 opit.
201 2805 312 2849 latus,
346 2812 392 2860 af.
416 2810 568 2853 laqueo,
595 2812 683 2843 unde
708 2812 858 2844 Geruli.
887 2814 929 2844 in
955 2814 1108 2857 Suppl.
1138 2816 1181 2848 de
1207 2814 1293 2858 conj.
1330 2816 1504 2860 laqueos)
1540 2817 1576 2861 5,

95 2850 131 2891 7,
155 2850 197 2882 11
221 2852 271 2886 N.
299 2865 347 2887 cr.
367 2864 405 2888 m
427 2856 495 2890 hos
518 2855 787 2901 inexplicabiles
809 2858 881 2903 laq.
905 2857 1106 2895 inciderunt
1129 2860 1168 2904 5,
1193 2862 1250 2905 10,
1274 2863 1355 2895 101.
