1728 3002
431 239 433 242 ι
501 208 695 252 Exeroeo
730 231 786 242 —
817 204 1084 252 Exercitatio
1473 213 1555 254 307

44 335 46 338 ’
71 323 213 362 'fantus
232 321 278 361 ἢν
298 323 451 360 oratore
468 298 605 358 *divine
643 322 834 367 exequitur
867 325 909 366 1,
931 322 975 366 6,
1000 323 1059 357 18.
1090 322 1135 356 ad
1161 321 1299 368 reliqua
1330 318 1460 358 fortius
1489 334 1555 358 ex—

68 370 232 419 equenda
252 369 297 415 4,
321 371 363 414 5,
385 371 442 404 23.
483 369 560 416 Ego
582 369 671 403 haec
695 370 853 403 breviter
881 370 1239 403 demonstrasse
1268 374 1457 404 contentus
1483 389 1550 404 —.

73 417 225 464 Quidam
257 414 448 452 executi
484 419 596 450 sunt
623 415 814 451 verbosius
844 415 879 458 5,
905 418 960 458 12,
987 416 1050 458 15ς
1084 426 1167 449 cum
1189 414 1308 450 omnia
1328 414 1397 449 tria
1420 425 1552 462 genera

64 462 208 500 fuero
242 463 526 504 executu123,
547 461 584 504 6,
611 463 643 495 1.
667 471 740 496 non
765 462 882 496 solum
903 461 942 495 in
971 460 1245 509 digerendis
1273 461 1551 506 quaestionibus,

67 510 135 549 sed
169 508 275 544 etiam
311 508 350 542 in
384 506 681 552 exequendis
715 509 783 550 11,
817 510 859 550 2,
886 509 944 542 37.
976 506 1023 548 cf.
1054 510 1091 551 7,
1115 509 1149 551 1,
1174 508 1230 543 18.
1264 509 1459 542 necessitas
1483 509 1551 542 hos

68 560 180 589 status
202 553 407 599 exequendi
428 555 473 596 3,
498 553 541 596 6,
567 553 624 587 16.
657 553 878 587 necessarios
909 552 1063 588 maxime
1093 559 1164 598 atq.
1187 553 1226 588 in
1249 565 1353 588 usum
1385 560 1552 599 receptos

70 599 231 646 (tropos)
255 610 476 645 exequemur
496 600 532 642 8,
555 599 590 642 6,
619 602 659 641 2;
698 610 741 632 ea
764 599 803 633 in
825 600 918 634 libro
942 598 1058 643 primo
1081 599 1225 634 executi
1247 611 1368 634 sumus
1390 602 1426 643 8,
1454 604 1488 644 1,
1514 603 1551 635 2.

66 641 260 691 pessimum
292 656 403 688 vero,
435 655 510 680 non
533 646 662 679 eodem
685 644 812 680 ordine
845 645 1051 690 exequi,
1088 656 1162 690 quo
1193 645 1348 691 quidque
1377 657 1552 691 propo-

68 691 230 727 sueris
262 690 299 736 4,
323 693 358 736 5,
381 692 439 726 28.
470 701 554 736 per
586 691 740 738 singulas
764 691 902 735 species
926 690 1059 735 exequi
1092 692 1340 735 (probationum
1363 692 1484 737 sedes)
1515 693 1551 736 5,

68 740 127 791 10,
149 738 230 773 100.
285 737 331 784 ρ)
352 738 508 782 quae-ad
530 737 731 771 docendum
747 737 950 782 pertinent,
981 737 1125 771 executi
1149 749 1268 772 snmus
1291 741 1336 778 7,
1359 739 1418 773 Pr.
1455 743 1488 773 1.
1510 745 1552 774 ut

65 791 165 828 prius
185 799 233 809 —
255 784 575 818 ostendamus:
610 783 760 827 deinde,
788 795 878 828 quae
901 783 939 817 in
964 793 1108 827 quoque
1140 795 1267 819 causae
1299 795 1432 831 genere
1463 796 1551 830 pro-

65 823 146 873 priav
163 834 267 872 sunt,
299 839 590 874 exequamur
615 831 650 872 5,
673 830 728 863 Pr.
756 832 799 871 5;
829 841 911 863 cum
934 840 1161 874 quaerere
1194 835 1265 874 atq.
1287 830 1462 876 exequi
1494 832 1549 874 ju-

26 880 30 881 ’
63 875 203 918 herent,
229 873 303 910 cur
329 881 462 909 armata
488 886 544 918 ap.
566 875 868 909 Lacedaemonios
891 875 1041 909 Venus?
1071 883 1132 909 etc.
1158 878 1193 918 2,
1220 875 1256 915 4,
1279 877 1334 910 26.
1359 877 1430 920 jam
1452 877 1550 920 hinc,

60 921 158 955 unde
179 920 339 966 coeperit
373 929 433 954 etc.
460 931 620 964 exequar
649 923 686 962 3,
717 924 750 963 1,
781 924 811 954 1.
837 921 875 954 in
899 922 1056 955 secundo
1080 921 1172 955 libro
1198 922 1465 969 diligentissime
1494 929 1550 958 est

63 971 259 1008 executus,
291 966 376 1011 quid
408 966 537 1010 cuique
559 965 694 999 homini
722 968 834 1000 soleat
865 967 1028 1001 accidere
1051 968 1095 1010 5,
1123 970 1187 1010 10,
1212 970 1267 1002 ¹17.
1302 979 1394 1013 quae
1418 969 1550 1004 sintin

65 1012 207 1059 agendo
228 1012 428 1055 servanda,
456 1017 535 1045 toto
558 1012 635 1045 sere
658 1022 769 1056 opere
795 1013 939 1046 executi
962 1023 1084 1046 sumus
1122 1016 1179 1056 12,
1200 1014 1237 1056 9,
1262 1016 1296 1047 1.

18 1066 230 1109 Exercet).
290 1077 322 1117 1)
347 1080 369 1112 ἰ.
395 1091 427 1123 q.
453 1082 628 1112 excolo:
677 1080 720 1121 ι)
743 1079 944 1114 difficiliora
966 1080 1098 1114 debent
1120 1091 1220 1123 esse,
1246 1072 1549 1126 quae'exercent,

64 1134 136 1168 quo
159 1123 206 1158 sit
230 1123 347 1158 levius
368 1123 483 1168 ipsum
504 1124 604 1167 illud,
631 1123 679 1158 in
702 1127 799 1169 quod
822 1128 994 1160 exercent
1018 1129 1074 1168 11,
1101 1128 1136 1168 2,
1159 1125 1218 1160 42.
1244 1128 1340 1171 quod
1362 1126 1400 1162 in
1422 1129 1548 1162 studiis

60 1169 205 1204 dicendi
238 1169 400 1214 plerique
431 1175 671 1204 exercuerunt
701 1174 738 1214 2,
765 1173 823 1213 20,
847 1174 887 1213 2;
922 1183 969 1207 ne
999 1172 1104 1205 aliter
1130 1173 1294 1206 exerceri
1315 1173 1430 1209 velint
1451 1177 1487 1217 3,
1512 1176 1548 1217 8,

58 1218 116 1251 70.
141 1216 294 1250 Pansam
317 1222 378 1250 etc.
402 1214 442 1249 in
468 1226 606 1250 morem
626 1217 870 1261 praeceptoris
894 1216 1060 1261 (Cicero)
1085 1217 1249 1252 exercuit
1269 1219 1399 1254 cotidie
1424 1219 1548 1255 dicens

59 1259 279 1305 audiensque
315 1258 379 1305 12,
409 1263 472 1304 11,
497 1262 538 1303 6;
579 1263 774 1296 exercendi
805 1273 957 1306 corpora
979 1266 1021 1304 2,
1046 1265 1087 1305 8,
1111 1265 1166 1297 13.
1203 1265 1479 1300 declamationes
1501 1286 1549 1293 —-

18 1310 150 1354 ,qitae
161 1305 416 1342 'inventionem
439 1312 476 1340 et
497 1307 766 1351 dispositionem
786 1308 919 1352 pariter
943 1315 1115 1343 exercent
1140 1312 1195 1351 10,
1223 1313 1257 1352 5,
1284 1311 1340 1345 14.
1374 1323 1547 1347 exercere

57 1351 226 1397 utrinque
250 1352 260 1359 '
310 1351 418 1386 icium
441 1353 488 1395 (a.
512 1357 536 1387 1.
559 1353 730 1396 iudicem)
763 1356 827 1398 10,
858 1356 900 1398 1,
927 1357 991 1389 131
1021 1357 1068 1389 Ν.
1102 1361 1142 1389 ut
1165 1356 1327 1400 protinus
1358 1359 1546 1402 pronunti-

51 1397 216 1432 'ationem
257 1400 284 1432 S
291 1411 326 1442 p.
353 1415 397 1423 -
422 1398 508 1441 ne),
530 1409 681 1441 vocem,
714 1400 921 1434 memoriam
946 1406 1114 1435 exerceat
1146 1405 1182 1444 1,
1210 1405 1271 1445 11,
1299 1402 1343 1437 14
1365 1408 1406 1437 Ζ.
1439 1415 1546 1439 exer-

46 1443 166 1491 ¹vendi
197 1443 270 1478 nili
303 1446 360 1487 10,
385 1446 420 1486 5,
445 1446 500 1479 15.
537 1446 762 1480 exercendus
789 1451 843 1480 est
866 1445 1036 1490 (spiritus)
1061 1450 1118 1490 11,
1143 1450 1177 1490 3,
1202 1447 1258 1482 54.
1299 1448 1340 1493 β)
1367 1450 1438 1493 adj.
1461 1454 1543 1495 Abl.

60 1495 123 1523 mn
143 1491 305 1533 Praepos.
317 1504 328 1523 .·
356 1490 528 1534 ediscere,
553 1502 626 1535 quo
639 1492 844 1526 exercearis
872 1495 928 1534 11,
946 1495 981 1535 3,
996 1493 1053 1527 25.
1079 1493 1206 1538 quibus
1226 1496 1390 1529 exerceri
1409 1497 1547 1531 solebat

63 1536 122 1578 10,
143 1534 179 1578 5,
207 1537 266 1577 11,
289 1535 499 1570 decretoriis
523 1542 735 1571 exerceatur
760 1540 802 1572 ib.
825 1540 884 1572 20.
910 1539 1116 1573 facultatem
1138 1539 1281 1573 dicendi
1312 1541 1367 1575 his
1391 1553 1545 1576 exercu-

17 1606 32 1615 e
61 1585 167 1630 θηρὶ
195 1582 240 1626 2,
263 1579 307 1624 4,
333 1581 392 1616 41.
418 1581 600 1628 ingenium
634 1589 825 1618 exercetur
846 1584 1032 1628 multiplici
1054 1585 1224 1629 variaque
1247 1587 1393 1621 materia
1416 1590 1460 1622 ib.
1484 1591 1543 1622 20.

43 1623 111 1666 εἰ.
138 1628 175 1668 2,
198 1628 254 1670 17,
278 1625 313 1662 4.
338 1627 565 1661 exercebitur
590 1629 762 1663 memoria
784 1629 901 1664 aliena
924 1631 1195 1674 complectendo
1218 1634 1252 1675 2,
1278 1635 1312 1675 7,
1336 1635 1371 1667 3.
1395 1639 1436 1667 ut
1458 1645 1546 1678 pro-

61 1670 284 1714 nunfiatione
310 1683 440 1707 vocem
463 1678 499 1707 et
521 1675 707 1708 materiam
731 1681 900 1710 exerceat
923 1679 956 1719 1,
981 1679 1038 1720 11,
1064 1676 1126 1721 14;
1161 1678 1288 1722 quibus
1317 1680 1363 1712 ad
1391 1691 1546 1726 pugnam.

61 1713 246 1752 forensem
267 1718 431 1752 exerceri
453 1719 653 1754 solebamus
677 1722 712 1764 5,
741 1724 798 1765 12,
822 1724 877 1756 17.
912 1733 977 1756 cur
1000 1733 1074 1757 non
1096 1724 1147 1757 in
1170 1730 1360 1769 utrumqne
1382 1727 1547 1769 protinus

61 1761 184 1814 {ocum
217 1773 257 1797 se
290 1762 391 1807 (Sp.
418 1764 503 1806 om.)
538 1772 733 1800 exerceant
754 1765 797 1810 4,
830 1770 877 1810 2,
912 1769 957 1803 29
981 1772 1026 1802 Ζ.
1060 1774 1101 1803 ut
1127 1769 1167 1803 in
1193 1775 1381 1815 utrumque
1412 1773 1546 1816 locum,

33 1832 35 1834 .
60 1807 101 1840 ld
122 1811 177 1840 est
199 1806 354 1851 primum
377 1815 414 1843 et
435 1812 643 1854 secundum,
667 1812 772 1846 simul
795 1824 1029 1847 exerceamur
1052 1816 1097 1854 5„
1112 1817 1169 1859 13,
1194 1817 1250 1851 50.
1277 1815 1322 1857 cf.
1349 1819 1406 1860 11,
1428 1820 1464 1861 2,
1487 1819 1548 1853 42.

62 1849 125 1894 n)
151 1853 232 1930 ἓξ.
255 1851 459 1893 samito.-
487 1855 549 1899 qui
570 1862 682 1891 artem
706 1858 878 1892 ludicram
900 1860 1104 1901 exercuerit
1124 1863 1159 1904 3,
1182 1862 1220 1904 6,
1244 1862 1300 1897 18.
1327 1861 1377 1896 ibi
1403 1863 1547 1898 demum

62 1906 152 1932 exer
210 1902 225 1930 t
247 1907 326 1931 eam
349 1897 598 1944 (eloquentiam)
626 1905 670 1946 1,
691 1901 737 1947 4,
758 1904 794 1938 6.
829 1915 911 1938 cum
936 1904 1069 1947 judicia
1100 1907 1176 1951 ejus
1209 1907 1264 1941 rei
1295 1908 1451 1943 maxime
1481 1921 1549 1944 ex-

62 1947 271 1980 ercerentur
289 1943 337 1986 6,
362 1946 402 1986 1,
427 1945 480 1980 16.
515 1956 607 1988 eam,
627 1958 719 1991 quae
740 1953 815 1982 tum
842 1951 1090 1996 exercebatur,
1111 1952 1317 1987 rhetoricen
1343 1957 1379 1997 2,
1407 1955 1463 1999 15,
1486 1959 1546 1991 27.

62 1987 271 2023 rhetoricen
292 1998 347 2032 ap.
371 1990 621 2035 grammaticos
644 1999 814 2027 exerceat
839 1997 936 2038 2,’1,
959 1997 994 2030 3.

4 2043 299 2087 Exercitatio.
360 2054 409 2099 a)
440 2068 473 2093 ο.
500 2059 687 2092 Auram..
744 2057 782 2102 a)
807 2060 915 2103 Adia
947 2061 1069 2097 brevis
1099 2061 1241 2097 dicendi
1276 2075 1402 2100 exerc.
1425 2068 1462 2108 2,
1489 2069 1547 2110 12,

66 2103 124 2136 11.
147 2099 316 2136 continua
339 2100 481 2136 dicendi
503 2112 562 2136 ex.
592 2105 629 2146 2,
656 2105 713 2146 17,
737 2106 793 2138 12.
827 2107 939 2139 multa
966 2111 1003 2140 et
1032 2108 1202 2142 continua
1232 2119 1292 2143 ex.
1327 2111 1384 2144 Pr.
1419 2114 1478 2146 27.
1501 2132 1548 2138 -

1 2167 6 2174 -
27 2178 30 2182 ,
65 2146 172 2190 huius
192 2146 248 2181 rei
270 2147 378 2193 longe
410 2146 553 2182 facilior
574 2148 610 2191 6,
633 2147 671 2191 4,
693 2150 751 2182 21.
778 2167 826 2174 -
852 2150 993 2185 modica
1017 2154 1074 2195 10,
1100 2153 1134 2196 5,
1157 2154 1214 2188 19.
1239 2169 1286 2178 —-
1307 2156 1418 2189 multa
1436 2158 1472 2200 5,
1489 2159 1546 2201 10,

69 2192 150 2228 125.
181 2192 436 2237 ετιρὴοηαεοίι
464 2198 502 2228 et
528 2194 729 2228 oratoribus
758 2196 960 2230 necessaria
986 2207 1047 2230 ex.
1073 2200 1136 2241 11,
1160 2200 1201 2240 3,
1225 2202 1283 2233 22.
1318 2219 1362 2227 -
1395 2202 1547 2245 plurima

68 2237 185 2290 8,·Ρῐ.
215 2239 273 2272 28.
298 2257 341 2265 —
368 2249 458 2283 quae
484 2239 728 2283 potentissima
758 2240 812 2283 (a.
846 2245 869 2275 1.
902 2241 1105 2284 potissima)
1141 2250 1194 2277 est
1219 2247 1284 2288 11,
1311 2248 1353 2288 2,
1378 2248 1434 2282 36.
1466 2249 1549 2293 illae

11 2287 22 2311 -”
48 2288 206 2327 -pnmae
227 2283 502 2319 exercitationes
525 2288 560 2328 2,
585 2285 620 2328 4,
645 2287 703 2320 36.
740 2296 799 2319 ex.
826 2287 972 2330 puerilis
997 2290 1030 2330 1,
1058 2291 1116 2331 11,
1141 2290 1195 2324 19.
1219 2309 1266 2315 —-
1290 2294 1416 2334 procul
1439 2304 1460 2327 a
1481 2306 1549 2329 ve-

70 2327 175 2362 &tate
195 2329 354 2371 sejuncta
384 2331 420 2373 8,
442 2332 478 2374 3,
498 2333 555 2366 23.
578 2351 626 2358 --
647 2331 832 2366 utilissima
862 2334 897 2374 3,
919 2333 955 2375 8,
978 2331 1035 2368 49.
1095 2335 1139 2373 b)
1165 2348 1194 2369 c.
1220 2337 1346 2371 Genit..-
1377 2339 1548 2381 juvenum

74 2380 197 2407 exerc.
220 2373 256 2416 6,
278 2375 312 2414 3.
339 2375 475 2411 15.<16.
498 2394 544 2400 -
569 2378 769 2412 scholarum
791 2380 828 2420 2,
855 2381 912 2420 11,
938 2382 978 2421 13
1011 2398 1059 2405 —
1080 2379 1133 2414 rei
1157 2381 1190 2424 5,
1214 2384 1248 2424 7,
1276 2383 1334 2417 28.
1356 2401 1403 2407 —
1423 2385 1549 2419 foren-

75 2416 168 2468 sium
191 2427 375 2469 causarum
397 2423 454 2463 12,
481 2425 517 2464 2,
539 2425 597 2457 25.
624 2443 672 2450 —-
694 2423 966 2467 comparationis
994 2426 1029 2467 2,
1051 2425 1088 2468 4,
1111 2429 1154 2460 21
1180 2427 1229 2460 Ν.
1250 2436 1483 2464 consuetu
1496 2433 1550 2465 do

73 2471 229 2505 pesmme
259 2463 400 2498 dicendi
431 2471 468 2500 et
501 2469 675 2503 malorum
709 2480 864 2504 exerc.
902 2472 946 2502 ib.
986 2472 1030 2504 16
1051 2472 1099 2504 Ν.
1123 2489 1170 2496 --
1194 2473 1297 2507 vocis
1331 2478 1396 2517 11,
1423 2478 1467 2519 3,
1494 2477 1552 2512 24.

76 2507 143 2551 293
165 2525 213 2533 --
234 2507 412 2554 cogitandi
445 2513 501 2554 10,
523 2514 558 2555 7,
581 2515 639 2548 25.
664 2535 712 2541 -
739 2514 879 2549 dicendi
913 2518 948 2558 2,
973 2515 1010 2559 4,
1033 2515 1090 2550 24.
1126 2519 1182 2560 10,
1205 2521 1240 2561 7,
1263 2522 1320 2554 27.
1350 2523 1403 2563 12,
1428 2525 1463 2565 2,
1491 2526 1548 2556 20.

32 2584 35 2589 ,
79 2553 137 2596 12,
158 2554 217 2596 11,
242 2554 297 2588 16.
317 2551 369 2581 4-
390 2557 498 2590 multa
521 2558 697 2594 scribendi
722 2561 758 2604 9,
779 2559 816 2603 4,
842 2559 918 2594 114.
941 2560 986 2604 β)
1022 2575 1082 2605 per
1106 2565 1249 2606 singulos
1273 2578 1380 2600 casus.
1416 2566 1449 2609 a)
1475 2569 1551 2602 No—

6 2606 9 2643 j
34 2635 40 2642 ⁸
77 2599 215 2632 mutat„-
238 2599 406 2635 continua
429 2602 570 2637 dicendi
592 2615 652 2640 ex.
672 2625 719 2631 —
732 2617 813 2640 nam
828 2606 866 2639 id
884 2606 1165 2650 potentissimum
1184 2610 1342 2644 discendi
1365 2623 1476 2659 genus
1498 2619 1552 2647 est

0 2693 18 2722 ἱ.

2 2725 38 2754 ,ι

0 2646 40 2682 ὶ-.,
77 2644 123 2686 2,
147 2646 214 2686 17,
241 2646 297 2690 12.
332 2644 364 2680 si
395 2646 475 2693 quis
500 2659 609 2684 uuam
629 2652 890 2730 mssimam‘sse
913 2663 934 2685 a
959 2663 1017 2687 me
1041 2660 1152 2688 artem
1176 2657 1367 2691 memoriae
1394 2665 1552 2702 quaerat,

79 2688 369 2726 exercitatio
394 2698 448 2727 est
474 2698 511 2727 et
534 2695 660 2737 labor
691 2701 746 2739 11,
768 2701 809 2740 2,
921 2698 1004 2741 quia
1033 2699 1198 2735 unctio
1232 2707 1268 2735 et
1291 2713 1444 2738 exerc.
1471 2716 1553 2739 cum

78 2733 287 2778 palaestrica
308 2736 343 2771 ei
366 2737 579 2783 (medicinae)
607 2741 653 2776 sit
674 2750 747 2777 arte
769 2743 965 2777 communis
983 2747 1019 2787 2,
1034 2748 1095 2789 21,
1113 2748 1167 2781 11.
1196 2747 1272 2791 ejus
1291 2748 1344 2782 rei
1361 2751 1456 2783 nulla
1478 2761 1554 2784 ex-

80 2778 176 2814 οιῐῒέἑ
201 2786 280 2825 θεὶς
309 2783 399 2818 nulli
427 2793 766 2833 praeceptores
798 2789 842 2831 6,
868 2790 913 2831 3,
944 2788 997 2824 14.
1038 2801 1194 2828 exerc.
1227 2793 1307 2833 talis
1339 2794 1400 2837 sit,
1441 2796 1553 2839 qualis

1111 2863 1198 2893 20·
