1728 3002
474 183 748 238 Pyrrhichius
779 207 832 214 -
862 182 1124 235 Quadratum
1486 187 1566 226 725

26 304 40 325 ’-
82 312 122 336 ss
143 303 243 346 putet
268 300 312 342 6,
347 298 394 343 4,
430 300 483 334 18.
529 299 628 333 velut
651 298 773 333 satis
797 298 879 342 sit,
915 298 1007 334 scire
1030 298 1149 344 ipsos,
1181 308 1271 343 quae
1295 297 1414 332 dicere
1438 296 1563 340 velint,

0 354 9 377 ι
24 372 34 379 ,
80 352 250 392 quantum
266 346 311 379 ad
330 345 419 380 alios
434 343 635 390 pertineat„
648 356 671 378 n
683 344 695 378 i
707 345 773 378 hil
795 350 958 388 putant
984 346 1026 388 (S
1036 358 1071 388 p.
1089 345 1207 387 conje‘c.
1229 343 1346 383 nihili)
1365 345 1399 385 8,
1413 347 1448 387 2,
1463 344 1506 379 19
1516 345 1561 377 N.

0 389 19 431 ξ
39 424 43 428 ,
81 393 171 427 alius
193 390 382 438 imaginem
402 390 522 424 mariti
538 401 605 435 pro
628 401 689 424 rea
708 390 871 435 proferre
894 391 1047 437 magni
1070 390 1209 435 putavit
1241 392 1283 434 6,
1312 394 1353 432 1,
1379 388 1439 424 40.
1478 390 1563 424 dum

0 434 10 477 ξ’
81 437 201 473 satis
232 441 382 482 putant,
416 436 506 472 vitio
537 447 660 471 carere
693 438 738 479 2,
768 435 811 479 4,
845 437 880 472 9.
917 435 961 478 os.
992 437 1038 480 8,
1067 438 1127 475 Pr.
1157 439 1210 471 13.
1238 448 1271 470 v.
1311 435 1455 478 Satis3
1482 435 1564 479 qnia

0 491 11 506 Ψ
80 484 148 519 ita
170 482 334 525 homines
357 481 409 527 (α.
439 487 463 517 1.
486 484 583 518 inser.
607 481 660 523 id)
682 487 806 527 putant
828 485 871 524 7,
897 485 915 516 1
930 508 941 526 ,
964 482 1024 517 35.
1069 480 1109 526 δ)
1135 495 1204 527 seq.
1227 485 1389 517 Accusat.
1405 484 1444 518 c.
1468 481 1561 523 huf..-

4 533 9 538 ⁴
80 530 160 577 Ego
188 529 229 564 in
252 527 458 564 universum
489 539 605 572 neque
632 527 785 562 oratoris
815 534 902 572 puto
925 539 1004 562 esse
1029 539 1183 573 unquam
1206 526 1444 573 praevaricari
1466 528 1503 571 9,
1526 529 1562 570 2,

33 616 37 623 ,
81 578 141 611 87.
167 573 336 610 Nescio
360 573 422 618 qui
444 573 634 610 conviciati
656 573 748 608 sint:
777 579 812 608 et
835 579 950 618 puto
972 573 1115 608 Stoicos
1140 573 1251 608 fuisse
1277 574 1322 616 6,
1351 575 1397 615 3,
1422 573 1478 608 78.
1515 572 1561 614 cs.

82 623 126 656 ib.
150 623 187 657 7.
209 621 254 664 9,
276 621 321 663 3,
344 621 401 656 39.
448 630 517 654 nec
538 619 577 654 id
598 620 696 654 ferro
719 619 922 664 speciosum
942 619 1020 654 fieri
1045 620 1177 664 putabo
1199 621 1246 663 5,
1275 622 1343 662 12,
1369 619 1424 654 19.
1468 629 1562 663 quae

0 674 9 681 ·
81 667 170 702 dura
198 665 339 713 quidem
370 665 522 700 sentit
552 676 654 709 esse,
686 671 932 701 verumtamen
964 677 1031 700 usu
1062 671 1201 711 putat
1231 675 1339 710 posse
1372 664 1503 699 molliri
1525 666 1562 707 8,

81 715 126 756 3,
147 714 205 748 32.
231 711 278 754 cs.
302 714 347 746 ib.
372 712 429 747 35.
474 710 558 756 quid
579 717 742 755 putamus
769 713 924 746 facturas
947 711 1195 757 cupiditatem,
1223 710 1407 747 avaritiam
1420 736 1433 754 ,
1466 709 1563 745 invi·

81 757 175 792 diam
199 761 270 802 12,
298 759 340 800 1,
363 758 399 794 6.
446 758 546 799 cuius
567 757 679 792 vitam
701 757 734 792 si
755 757 884 802 putetis
906 769 974 803 per
996 769 1065 793 vos
1089 757 1226 793 restitui
1254 768 1359 802 posse
1384 759 1417 799 5,
1444 755 1501 800 14,
1525 759 1561 790 2.

80 803 187 839 etiam
208 803 248 838 in
268 813 443 848 personae
466 803 610 837 fictione
633 803 777 848 quidam
798 803 893 838 idem
916 803 1079 839 accidere
1103 809 1319 849 putaverunt
1349 804 1393 846 9,
1425 803 1466 846 3,
1501 803 1562 838 89.

80 849 127 892 εἰ.
156 852 222 894 12,
257 851 325 892 10,
360 847 429 891 49;
469 848 529 882 alii
546 848 635 882 nihil
655 849 770 884 vitare
810 850 900 894 (Sp.
938 863 1001 884 om.
1045 858 1150 884 censet
1178 849 1269 892 se),
1307 860 1374 892 ea,
1412 859 1501 894 qnae
1524 847 1562 881 in

80 895 204 931 oculos
226 894 431 936 ineufi-unt,
459 894 704 938 exquirendo,
728 900 853 940 putant
878 894 943 939 (stc.-
966 898 993 930 S
1000 909 1061 940 ρ.,·
1084 900 1128 931 Z.
1152 895 1285 935 vitare,
1312 905 1403 940 quae
1426 914 1471 920 —
1495 905 1561 928 ex-

79 940 292 986 quirendum
314 951 368 984 p„
406 938 473 980 Ins·
497 940 611 974 Vitare.
645 954 705 984 pro
728 943 963 974 vitandum
997 944 1086 975 sibi
1128 955 1221 975 esse
1257 944 1440 985 accipiens,
1475 941 1563 984 quod

80 995 187 1021 tamen
219 989 441 1031 probationem
472 987 660 1028 desiderat,
692 989 752 1020 etsi
783 988 866 1019 haec
895 989 995 1020 Ama.
1019 990 1053 1021 1.
1085 990 1180 1020 lectio
1213 990 1381 1020 verissima
1408 987 1560 1028 affletur,-

79 1034 283 1075 Injr'm‘tivum
302 1044 390 1075 vero-
403 1034 514 1064 malim
532 1034 683 1075 accipere
698 1031 917 1075 historicum.)
945 1035 980 1074 7,
1008 1035 1041 1074 1,
1067 1030 1110 1066 41
1123 1033 1168 1066 N.
1205 1031 1236 1074 ε)
1254 1045 1321 1078 seq.
1342 1035 1466 1065 Panic.
1482 1034 1560 1065 Fut.

31 1093 38 1097 ·
80 1081 201 1115 Pau-z
236 1077 299 1122 qui
323 1077 511 1111 frondibus
542 1077 675 1111 teneris
699 1088 773 1112 non
794 1083 919 1122 putant
942 1077 1175 1112 adhibendam
1203 1088 1282 1112 esse
1304 1078 1434 1112 falcem
1464 1080 1499 1120 2,
1525 1075 1562 1119 4,

80 1127 137 1159 11.
172 1123 202 1160 si
228 1123 391 1158 homines
412 1122 616 1156 faciendum
639 1123 708 1157 sibi
730 1129 791 1157 aut
812 1122 1035 1170 cogitandum
1060 1129 1319 1167 putassent
1348 1126 1413 1166 10,
1447 1125 1492 1165 2,
1527 1121 1563 1157 4.

80 1169 172 1216 quae
195 1168 362 1205 discenda
384 1173 470 1212 puto
496 1171 534 1210 1,
551 1168 628 1211 12,
653 1170 707 1204 15.
744 1168 789 1210 cff-
815 1172 856 1211 1,
888 1171 928 1202 11
945 1194 962 1212 ,.
993 1170 1038 1204 15
1058 1173 1101 1204 Ζ.
1146 1169 1292 1204 affectus
1316 1169 1562 1204 excludendos

78 1216 248 1262 putabant
267 1217 317 1258 5,
338 1215 398 1248 1¹r.
426 1217 459 1248 1.
487 1213 547 1258 qui
572 1215 669 1248 solos
692 1220 835 1249 veteres
859 1215 1031 1260 legendos
1053 1220 1178 1258 putant
1202 1217 1267 1258 10,
1293 1218 1334 1258 1,
1357 1214 1417 1249 43.
1449 1213 1495 1256 cs.
1529 1217 1561 1257 1,

82 1266 116 1306 7,
141 1265 263 1304 10.1,
285 1262 328 1304 9,
353 1260 390 1295 6.
416 1261 460 1302 5,
485 1262 548 1303 13,
573 1261 631 1295 37⁵.
656 1261 697 1302 9,
721 1263 764 1304 2,
788 1262 846 1295 83.
870 1261 928 1294 84.
954 1263 1015 1302 10,
1041 1264 1080 1304 1,
1102 1259 1161 1296 46.
1187 1263 1252 1304 10,
1276 1262 1322 1303 3,
1351 1264 1408 1294 11.
1477 1282 1480 1285 -

0 1366 14 1381 Γ
36 1315 325 1377 ryrrhichim·
370 1312 521 1372 pyrrh„
550 1339 655 1371 quem
686 1328 746 1362 alii
777 1329 993 1372 pariambum
1027 1334 1178 1371 vocant,
1211 1328 1380 1363 brevibus
1412 1327 1559 1371 (duabus

0 1386 18 1407 u
81 1373 220 1416 constat)
242 1375 285 1416 9,
306 1373 350 1416 4,
375 1373 432 1408 80.
479 1385 515 1418 p.
539 1375 675 1408 choreo
698 1376 934 1418 praecedente
956 1376 1000 1407 ib.
1033 1375 1109 1409 106.
1138 1374 1288 1417 accipiet
1311 1380 1392 1408 ante
1410 1385 1449 1407 se
1472 1374 1561 1407 cho-

19 1190 22 1199 „
0 874 21 1123 *ww-‚W
0 834 6 860 ⁷·
0 819 6 823 ·
0 798 4 807 ”

0 1410 28 1464 ,ἷζ
79 1432 162 1456 reus
189 1426 226 1455 et
247 1418 490 1464 pyrrhichium
524 1421 568 1453 ib.
595 1419 672 1454 104.
707 1431 843 1464 paeon,
879 1420 939 1464 qui
974 1425 1026 1453 est
1051 1431 1099 1453 ex
1126 1421 1258 1454 choreo
1286 1425 1321 1454 et
1354 1419 1560 1464 pyrrhichio

34 1466 37 1506 s
82 1469 126 1501 ib.
151 1467 210 1502 96.
240 1462 390 1509 (paeon)
421 1470 504 1499 ante
526 1477 566 1499 se
589 1465 758 1500 brevibus
783 1467 911 1512 gaudet
938 1465 1145 1510 pyrrhichio
1168 1467 1228 1500 vel
1252 1467 1387 1500 choreo
1410 1468 1452 1498 ib.
1481 1468 1559 1498 111.

80 1512 196 1547 minus
218 1511 337 1557 gravis
359 1510 427 1544 erit
450 1512 629 1554 spondeus
652 1513 887 1555 praecedente
910 1512 1032 1556 pyrrh.
1057 1514 1101 1545 ib.
1127 1514 1206 1546 101.
1227 1511 1296 1546 ille
1322 1511 1479 1546 comicus
1502 1521 1563 1544 se-

83 1556 202 1591 narius
226 1555 367 1590 choreis
389 1575 434 1582 -
457 1556 742 1602 pyrrhichiisque
771 1559 924 1592 decurrit
948 1559 991 1591 ib.
1017 1555 1095 1591 140.
1467 1567 1470 1571 ·

0 1610 2 1613 ⁵
39 1613 183 1667 pyxis·
236 1621 413 1666 pyxides,
452 1624 693 1668 cujuscunque
719 1624 888 1658 materiae
912 1629 993 1657 sunt
1027 1625 1074 1666 8,
1105 1624 1149 1667 6,
1178 1623 1235 1658 35.
1280 1623 1315 1657 in
1342 1623 1401 1670 illa
1426 1622 1559 1667 pyxide

86 1670 183 1713 (opti.
211 1669 314 1704 Codd.
338 1667 486 1711 puxide)
512 1667 682 1704 Coeliana
703 1670 747 1712 6,
772 1672 815 1712 3,
840 1670 885 1704 25
910 1670 955 1703 Ν.

0 1738 9 1802 s·

0 1803 38 1851 ξ-
773 1805 827 1864 Q.

0 1926 13 1991 R
43 1923 99 1983 ‚Q-
147 1942 200 1987 Q,
224 1941 326 1984 cujus
347 1939 471 1975 similis
493 1941 622 1975 effectu
644 1940 855 1986 specieque,
889 1942 959 1977 nisi
983 1944 1080 1987 quod
1105 1945 1246 1987 paulum
1269 1953 1289 1975 a
1316 1941 1447 1975 nostris
1471 1941 1563 1974 obli-

0 1993 41 2022 'f‘
86 1992 233 2032 quatur,
268 1987 394 2030 Koppa
424 1998 479 2031 ap.
517 1987 674 2021 Graecos
708 1998 804 2021 nunc
831 1993 965 2022 tantum
998 1989 1036 2022 in
1066 1999 1213 2022 numero
1236 1993 1356 2022 manet
1390 1990 1431 2028 1,
1454 1986 1500 2029 4,
1525 1987 1562 2022 9.

85 2035 193 2066 duras
226 2037 264 2066 et
295 2031 358 2066 illa
380 2033 533 2076 syllabas
565 2033 674 2075 facit,
711 2045 803 2077 qnae
838 2035 884 2068 ad
916 2035 1182 2081 conjungendas
1213 2034 1356 2067 demum
1386 2030 1563 2075 subjectas

86 2077 155 2112 sibi
186 2078 332 2111 vocales
361 2083 415 2111 est
447 2078 562 2120 utilis,
596 2078 682 2112 alias
716 2090 957 2124 supervacua,
987 2086 1027 2114 ut
1056 2090 1199 2125 equos
1230 2081 1301 2113 hac
1333 2084 1369 2113 et
1398 2088 1563 2121 equum

86 2123 274 2158 scribimus
298 2125 363 2166 12,
386 2125 450 2172 10,
475 2125 532 2158 30.
556 2122 602 2165 cs.
629 2126 669 2166 1,
691 2127 727 2166 7,
751 2126 785 2160 5.

14 2179 155 2233 „Qua-
202 2202 272 2235 qua
297 2191 359 2225 vel
380 2190 597 2234 impudentia
621 2192 683 2226 vel
703 2192 818 2225 fames
841 2191 943 2225 duxit
966 2194 1011 2235 2,
1037 2195 1103 2235 20,
1126 2195 1159 2225 2.
1204 2197 1243 2225 ut
1272 2203 1333 2234 ea,
1359 2201 1447 2234 quae
1478 2189 1567 2224 emi-

29 2243 36 2250 '
88 2237 222 2280 serint,
246 2237 340 2269 ultro
365 2236 491 2270 venire
513 2237 550 2270 in
571 2247 695 2270 manus
722 2238 868 2279 credas,
901 2242 960 2278 et,
991 2249 1060 2282 qua
1086 2237 1271 2280 jubentur,
1297 2238 1487 2270 decurrere
1512 2237 1568 2276 10,

89 2286 125 2325 7,
151 2285 208 2317 11.
255 2292 341 2328 quo
369 2280 415 2314 sit
437 2287 473 2315 et
498 2293 582 2325 qua
604 2282 881 2326 perveniendum
907 2285 962 2325 10,
990 2286 1026 2326 7,
1054 2284 1088 2317 5.
1131 2282 1197 2325 ire,
1222 2294 1290 2326 qua
1314 2282 1405 2325 rapit
1431 2284 1487 2323 12,
1514 2283 1569 2322 10,

16 2343 26 2362 ι
43 2359 50 2366 ,
89 2329 150 2363 61.
173 2339 243 2372 qna
267 2338 356 2362 cava
375 2327 487 2360 funda
508 2332 603 2370 patet
630 2330 711 2362 Cic.
736 2329 774 2367 8,
796 2328 841 2371 6,
863 2330 930 2370 73,
966 2327 1004 2362 ἱιι
1027 2328 1163 2361 animos
1186 2328 1342 2371 judicum
1356 2352 1366 2368 ,
1402 2337 1470 2370 qua
1496 2335 1570 2359 non

15 2371 22 2377 ’
91 2374 323 2413 observatur,
352 2371 476 2417 irrepit
507 2372 549 2414 9,
583 2375 622 2415 1,
658 2374 712 2408 19.
757 2378 817 2406 aut
841 2383 1018 2407 assumere
1039 2374 1079 2406 in
1103 2385 1243 2406 causam
1267 2378 1407 2406 naturas
1434 2372 1570 2414 eorum,

0 2425 23 2481 Ξ
92 2430 179 2466 ‘13¹⁸
202 2424 426 2462 competent,
451 2423 510 2451 aut
532 2417 713 2464 mitigare,
740 2429 830 2461 qua
851 2419 1119 2464 repugnabunt,
1143 2418 1319 2462 oportebit
1340 2418 1381 2459 4,
1405 2420 1445 2459 1,
1470 2419 1525 2451 17.

11 2473 236 2523 f<1Q¹lad¹²3⁶
282 2486 364 2520 deni
387 2485 424 2521 in
449 2485 613 2529 quadram
638 2484 683 2527 (S
691 2498 724 2527 p.
746 2486 933 2529 quadrum)
960 2486 1069 2529 pedes
1095 2489 1109 2518 1
1124 2511 1134 2527 ,
1161 2485 1222 2526 10,
1247 2484 1293 2518 43
1318 2487 1359 2518 Ζ.

15 2562 29 2581 3
51 2528 337 2586 Quadrageni-
382 2546 551 2586 petuntur
574 2542 618 2574 ab
645 2547 794 2585 utroque
820 2542 1044 2587 quadragena
1067 2545 1102 2583 7,
1125 2543 1168 2583 6,
1195 2544 1231 2574 2.

18 2583 420 2678 ¹'fl¹ngxff'del'lielllgtfflg(18⁵03
451 2597 738 2676 5‹eruendi-antariam
769 2597 1086 2641 Clytaemnestram
1126 2598 1186 2641 (a.
1226 2601 1248 2630 1.
1289 2597 1575 2642 quadratoriam)

31 2658 73 2688 1⁷—-
274 2669 285 2686 5
337 2668 348 2685 5
446 2660 458 2677 A
482 2668 491 2676 n

22 2694 331 2747 T‘ssflfldffltum·
374 2712 512 2745 formae
545 2710 703 2755 quadrati
738 2714 777 2754 1,
813 2714 876 2754 10,
907 2710 964 2748 44.
1011 2711 1072 2745 illa
1101 2710 1380 2746 circumcurrens
1404 2710 1509 2751 linea,
1535 2730 1578 2735 —

27 2784 30 2786 .
99 2753 130 2789 oi
149 2756 354 2798 quadratum
372 2756 516 2800 paribus
540 2756 612 2791 oris
637 2756 769 2791 efficiat
791 2759 834 2791 ib.
857 2755 913 2791 41.

0 2789 82 2872 ξ,

0 2877 137 2905 4ae

0 2913 34 3002 ἓ
