1728 3002
165 187 248 226 488
737 189 872 232 Lexis
912 214 967 222 —--
1006 189 1138 233 Liber

164 297 315 340 LGXiS·
353 313 587 349 vermiculate
603 313 697 348 inter
714 325 753 349 se
775 315 870 350 lexis
888 315 940 358 (a.
957 319 978 350 1.
995 315 1128 359 lexeis)
1144 316 1343 351 committet
1357 319 1499 351 Lucil.
1521 319 1555 360 9,
1568 317 1603 360 4,
1620 319 1699 352 113.

166 365 375 430 Libellus.
433 381 474 423 α)
500 383 595 425 quod
621 381 749 418 Cicero
774 384 811 418 in
838 385 1001 428 quodam,
1015 383 1166 429 joculari
1186 385 1248 419 lib.
1274 386 1310 427 8,
1328 385 1364 428 6,
1379 386 1437 420 73.
1474 385 1503 419 si
1528 397 1633 430 quem
1655 396 1702 419 ex

212 424 290 468 his,
327 425 387 470 qui
416 427 545 462 breves
580 430 789 474 plerumque
829 431 1148 474 circumferuntur,
1189 431 1274 465 artis
1305 430 1465 465 libellum
1493 431 1703 466 edidicerint

211 472 255 512 2,
281 473 344 513 13,
372 473 427 507 15.
486 474 528 517 β)
563 479 812 510 commentarius
838 481 1014 512 memoriae
1038 490 1143 511 causa
1169 480 1330 521 scriptus:
1359 476 1489 512 libellis
1512 488 1590 512 esse
1616 488 1704 512 con-

212 521 366 561 tentum,
404 530 494 563 quos
519 522 705 565 componit
728 528 788 556 aut
810 522 966 570 litigator
992 544 1038 550 —
1062 529 1121 557 aut
1146 523 1270 568 aliquis
1297 534 1345 558 ex
1367 533 1412 558 eo
1440 534 1574 569 genere
1596 525 1706 558 advo-

213 568 396 607 catorum,
425 566 485 610 qui
509 577 548 601 se
573 578 648 601 non
667 579 774 613 posse
798 581 904 617 agere
931 571 1145 604 confitentur
1173 573 1230 613 12,
1249 571 1285 612 8,
1310 572 1345 604 5.
1377 570 1539 612 libellos,
1567 570 1706 615 quive!

214 619 322 644 manu
345 616 533 646 teneantur
556 613 658 655 (inter
683 617 858 659 agendum)
885 619 940 660 10,
965 620 1000 659 7,
1023 619 1079 650 31.
1106 615 1152 657 cs.
1179 620 1237 666 11,
1259 618 1294 660 3,
1321 614 1400 650 142.
1438 617 1481 650 ad
1506 616 1566 650 lib.
1591 615 1721 659 respi-r

216 664 298 689 cere
327 659 383 699 11,
409 661 443 700 2,
469 657 526 693 45.
565 661 637 695 hoc
663 660 795 695 libellis
830 663 878 708 (a.
895 667 916 697 l.
943 665 1041 697 inser.
1071 661 1274 706 causarum)
1299 673 1375 696 non
1397 661 1601 696 continetur
1617 662 1652 704 6,
1671 664 1707 705 2,

214 701 237 735 5
258 702 306 734 Ν.
355 702 395 747 γ)
419 707 643 748 precationem
668 711 854 743 continens.-
876 709 1042 756 ‘libellum
1063 708 1186 743 timide
1209 708 1408 756 porrigenti
1430 711 1465 752 6,
1489 711 1525 752 5,
1548 708 1604 743 58.

170 765 391 832 Libenter·
438 781 474 826 α)
504 786 625 820 omnia
651 787 675 820 l.
701 787 884 823 adhibebit
908 791 964 832 11,
991 793 1023 832 1,
1048 790 1103 824 35.
1132 787 1283 823 facimus
1308 789 1378 823 hoc
1401 789 1424 822 l.
1448 791 1504 832 11,
1529 782 1647 831 3,'60.
1683 788 1711 821 1.

213 828 435 862 mvehuntur
459 833 524 874 12,
548 833 590 874 9,
620 835 676 868 11.
712 834 910 878 tristiores,
936 847 1041 880 quam
1064 841 1103 869 ut
1126 834 1234 869 risum
1261 836 1285 869 1.
1316 834 1495 879 patiantur
1516 835 1560 872 6.
1584 836 1628 875 3,
1653 835 1710 868 31.

214 872 241 906 ¹·
264 876 536 929 respondeat),
566 882 600 921 2,
627 880 662 914 6.
692 880 738 922 cs.
763 884 786 916 7
822 880 846 915 4
882 882 939 916 28.
975 885 1032 925 11,
1059 885 1090 918 1.
1115 883 1169 916 57.
1195 882 1252 916 87.
1279 883 1335 923 12,
1361 884 1417 924 11,
1443 879 1498 914 14.
1544 881 1587 924 β)
1615 883 1711 914 Com-

214 930 311 962 par.:
346 923 438 956 mtul
462 924 698 959 llbentius
722 907 870 961 audiun't
897 932 939 970 7,
966 931 1006 972 1,
1030 929 1086 963 63.
1112 927 1159 969 cs.
1183 930 1224 970 2,
1247 927 1290 970 6,
1315 929 1350 961 3.
1385 931 1518 971 quanto
1546 929 1569 963 Ι.
1594 925 1711 959 imite-

216 976 298 1018 mur
321 977 385 1001 eos
409 970 443 1011 2,
469 972 504 1010 2,
529 971 563 1005 8.
591 971 636 1012 cs.
662 975 696 1014 2,
722 975 756 1015 3,
783 975 837 1008 10.
874 975 897 1007 l.
923 973 1119 1022 indulgebit
1143 977 1187 1017 7,
1210 973 1252 1017 5,
1276 975 1318 1007 3.-
1346 973 1371 1007 1.
1394 971 1589 1017 emphasim
1615 977 1716 1006 retu-

216 1012 322 1057 lerim
345 1015 390 1048 ad
414 1021 579 1050 ornatum
604 1018 774 1054 orationis
798 1021 833 1064 8,
858 1022 893 1064 2,
920 1023 977 1055 11.

169 1065 318 1111 Liber·
364 1083 488 1118 leber
513 1084 736 1132 (antiquum)
762 1090 805 1132 1,
828 1087 872 1132 4,
899 1091 952 1124 17.
991 1088 1109 1123 visum
1134 1100 1154 1121 a
1176 1098 1214 1122 se
1247 1085 1430 1121 hominem
1467 1085 1596 1138 librum
1627 1083 1728 1137 scri-x

215 1124 360 1179 bentem
397 1128 578 1175 (ambigue
602 1146 643 1167 ac
666 1139 753 1168 male
789 1135 1024 1179 compositum)
1060 1136 1105 1178 8,
1137 1138 1180 1177 2,
1213 1134 1269 1169 16.
1316 1131 1358 1176 α)
1383 1145 1413 1167 0.
1448 1134 1552 1175 Atha
1590 1131 1615 1165 Ι.
1649 1135 1728 1183 &tn-⁹

217 1173 310 1206 nalis
333 1175 367 1217 6,
393 1177 426 1220 3,
450 1178 508 1213 86.
546 1180 569 1213 l.
598 1180 824 1216 doctissimos
857 1184 913 1225 10,
943 1185 976 1226 1,
1003 1182 1061 1217 95.
1105 1191 1179 1214 non
1201 1179 1345 1215 inutiles
1367 1179 1391 1213 l.
1418 1179 1476 1212 Pr.
1501 1181 1534 1214 7.
1566 1178 1592 1211 l.
1616 1187 1716 1221 prior

215 1218 252 1259 2,
278 1220 314 1271 3,
340 1223 396 1255 10.
427 1223 451 1257 l.
476 1224 665 1268 proximus
693 1229 726 1270 1,
745 1230 802 1271 12,
828 1229 882 1263 19.
909 1235 970 1262 etc.
1007 1229 1031 1261 l.
1057 1233 1225 1271 tanquam
1255 1225 1416 1260 subditos
1444 1227 1478 1267 1,
1504 1223 1540 1267 4,
1563 1225 1597 1258 3.
1626 1224 1728 1256 duo-⁴]

218 1262 360 1299 decimo
390 1267 503 1310 libro,
532 1272 593 1314 qui
617 1284 775 1307 summus
798 1275 938 1308 futurus
973 1280 1028 1308 est
1051 1276 1085 1316 3,
1101 1274 1136 1317 8,
1149 1273 1207 1307 43.
1238 1272 1281 1314 cs.
1314 1273 1350 1315 9,
1375 1270 1412 1314 4,
1446 1270 1527 1322 146.
1555 1267 1728 1310 minist-11..)

217 1308 242 1342 1.
264 1316 408 1346 veteres
437 1318 468 1357 1,
495 1317 528 1357 5,
555 1319 613 1350 21.
642 1320 677 1361 9,
702 1321 737 1361 4,
763 1321 819 1355 39.
855 1321 898 1363 β)
930 1333 958 1353 c.
987 1322 1117 1354 Genit.:
1150 1319 1188 1352 in
1219 1318 1319 1352 libris
1352 1316 1536 1352 Ciceronis
1569 1317 1633 1357 12,
1660 1317 1728 1357 11,·

217 1352 254 1387 4.
298 1367 416 1393 nonus
439 1361 464 1394 1.
491 1362 657 1406 (Homeri)
688 1366 751 1404 10,
782 1367 824 1407 1,
848 1365 908 1399 47.
948 1366 972 1398 l.
1006 1365 1262 1408 Xenophontis
1295 1370 1364 1407 atq.
1398 1362 1647 1412 Platonis-10,
1682 1361 1716 1412 5,

217 1401 252 1433 2·
289 1403 312 1436 1.
340 1403 539 1449 Sophronis
567 1410 607 1451 1,
634 1411 701 1453 10,
727 1412 791 1452 17;
827 1410 908 1444 libri
934 1410 1018 1444 artis
1041 1406 1242 1443 rhetoricae
1267 1409 1329 1444 Pr.
1361 1412 1395 1442 7.
1424 1407 1463 1441 in
1479 1407 1596 1440 .1ibr1s
1633 1407 1716 1440 belli

220 1445 424 1485 Germanici
452 1455 507 1496 10,
535 1457 564 1495 1,
589 1457 669 1489 103.
701 1455 877 1489 dictorum
901 1457 1038 1490 urbane
1064 1455 1144 1488 libri
1169 1456 1203 1498 6,
1229 1456 1263 1497 3,
1288 1453 1353 1496 42ς
1379 1453 1419 1486 in
1441 1452 1512 1486 illis
1533 1451 1728 1487 Ciceronis*

219 1492 274 1528 de
299 1495 451 1532 Oratore
476 1500 557 1542 (ml.
579 1500 757 1544 oratoriis)
785 1503 810 1535 1.
837 1505 893 1544 10,
920 1503 955 1545 5,
981 1501 1070 1536 2.‘in
1096 1501 1252 1546 quinque
1274 1506 1399 1534 contra
1415 1499 1568 1534 Verrem
1592 1509 1719 1532 secun-

220 1538 286 1574 dae
315 1542 465 1578 actionis
489 1547 514 1579 l.
542 1549 598 1588 11,
622 1550 658 1591 2,
682 1548 747 1590 25;
777 1560 841 1582 om.
868 1550 968 1582 libro:
994 1547 1031 1581 in
1061 1549 1104 1581 T.
1133 1545 1228 1581 Livii
1254 1546 1372 1590 primo
1391 1546 1426 1589 9,
1451 1548 1487 1587 2,
1510 1547 1567 1579 37.
1590 1544 1626 1577 in
1644 1550 1716 1578 ter-

220 1585 272 1637 tio
300 1588 345 1622 de
370 1589 521 1625 Oratore
543 1595 579 1634 9,
616 1596 649 1636 1,
685 1595 744 1628 25.
792 1593 829 1639 y)
867 1595 1062 1628 Nominat..·
1100 1593 1288 1637 proximus
1318 1593 1344 1626 1.
1382 1603 1403 1626 a
1426 1590 1538 1635 prima
1569 1591 1728 1637 (parte),=

220 1632 371 1684 Incipiet
397 1638 432 1679 3,
457 1640 513 1681 11,
538 1640 585 1674 28
620 1643 663 1673 Ζ.
715 1640 870 1686 Quando
902 1640 1008 1675 etiam
1036 1640 1134 1684 ipsos
1167 1637 1268 1683 loqui
1301 1645 1362 1672 etc.
1393 1637 1540 1680 deceat,
1573 1642 1724 1688 quartus

219 1678 331 1721 hbes,
362 1681 400 1715 in
428 1694 500 1727 quo
527 1685 703 1729 prooemii
730 1691 920 1730 praecepta
949 1691 1052 1729 sunt,
1085 1684 1244 1719 continet
1274 1687 1338 1726 11,
1366 1686 1406 1725 1,
1430 1683 1486 1718 59.
1526 1682 1728 1734 esphcabit

223 1735 380 1760 summus
407 1729 430 1763 l.
458 1732 500 1773 9,
525 1731 566 1775 4,
594 1731 673 1766 146.
711 1733 808 1776 quod
832 1732 1018 1777 proximus
1041 1733 1066 1765 l.
1092 1729 1276 1765 inchoabit
1298 1733 1340 1772 7,
1367 1731 1431 1772 10,
1456 1731 1512 1763 17.
1546 1729 1639 1762 hbro
1663 1733 1718 1762 te-

223 1776 362 1806 stantur
386 1777 419 1818 2,
445 1777 479 1818 8,
508 1779 535 1809 1.
584 1774 622 1821 ὃ)
648 1779 755 1812 Genii.
781 1786 813 1812 et
840 1782 942 1813 Dat„-
969 1778 1143 1812 librorum
1165 1776 1274 1811 lectio
1300 1778 1357 1818 12,
1380 1778 1436 1816 11,
1459 1778 1514 1809 17.
1546 1774 1719 1808 librorum

223 1817 334 1852 titulis
358 1822 393 1863 2,
420 1820 475 1861 14,
500 1821 542 1865 4;
572 1825 668 1868 quod
692 1823 794 1858 libris
822 1825 1024 1869 dedicatur,
1049 1829 1085 1859 et
1108 1823 1146 1857 in
1168 1822 1372 1866 exemplum
1390 1820 1506 1863 editur
1519 1823 1576 1863 12,
1592 1822 1647 1862 10,
1662 1821 1728 1855 50.-

222 1863 256 1904 ε)
280 1867 425 1901 Accus.:
451 1868 561 1903 libros
588 1870 790 1914 composuit
815 1873 870 1914 10,
897 1874 931 1914 1,
953 1871 1014 1908 95.
1042 1872 1092 1913 1.,
1119 1869 1180 1914 qui
1203 1868 1295 1903 risus
1323 1867 1435 1915 gratia
1458 1871 1722 1910 componuntur

222 1911 258 1953 6,
276 1912 310 1953 3,
328 1912 386 1950 65.
425 1919 465 1947 ut
492 1915 644 1950 Ovidius
672 1927 726 1950 ex
750 1917 983 1951 tetrastichon
1006 1915 1164 1951 carmine
1182 1935 1229 1942 —
1245 1913 1436 1953 librumjn
1459 1914 1572 1946 malos
1595 1914 1728 1964 poetas.

223 1960 467 2001 composuerit
488 1964 532 1995 ib.
549 1962 606 1997 96.
647 1963 791 2007 proprie
815 1963 926 1998 libros
950 1962 1035 1997 huic
1060 1960 1162 2006 operi
1185 1960 1441 1995 dedicaverunt
1466 1960 1501 2003 9,
1524 1960 1559 2001 3,
1583 1960 1640 1993 89.
1676 1959 1728 2009 lis,

223 2003 310 2037 bros
335 2005 445 2039 edidit
469 2009 524 2049 10,
555 2009 588 2049 5,
613 2011 647 2043 2.
687 2009 774 2043 editi
801 2009 838 2043 in
864 2008 1115 2053 competitores
1139 2008 1164 2041 l.
1191 2009 1225 2050 3,
1249 2010 1284 2048 7,
1308 2009 1344 2040 2.
1373 2004 1416 2046 cs.
1442 2005 1485 2047 6,
1514 2006 1555 2046 3,
1580 2002 1637 2056 42.
1675 2004 1720 2037 11·

222 2049 348 2093 hrum,
374 2063 478 2096 quem
502 2054 547 2087 de
573 2054 689 2089 causis
713 2061 903 2100 corruptae
928 2054 1153 2099 eloquentiae
1178 2052 1279 2087 emisi
1297 2052 1330 2091 6,
1347 2053 1403 2085 Pr.
1423 2053 1445 2085 3
1465 2052 1498 2083 S.
1520 2049 1564 2090 cs.
1589 2051 1651 2093 hp.
1676 2050 1721 2083 ad

224 2095 365 2140 Tryph-
393 2101 426 2131 1.
462 2098 616 2144 (librum)
640 2112 806 2136 sermone
831 2113 895 2146 per
920 2101 1066 2135 biduum
1089 2099 1210 2133 habito
1234 2096 1336 2142 pueri
1359 2101 1579 2148 exceperant
1602 2097 1717 2147 lup-7.

226 2142 300 2175 duo
331 2143 396 2176 sub
427 2145 573 2180 nomine
602 2157 683 2181 meo
714 2147 795 2182 libri
820 2148 1028 2182 serebantur
1055 2149 1098 2180 ib.
1115 2146 1149 2180 6.
1173 2144 1211 2178 in
1238 2143 1352 2185 libro,
1388 2153 1447 2186 qui
1474 2152 1617 2175 nomme
1643 2151 1722 2184 ejus

225 2186 419 2233 inscriptus
443 2197 497 2225 est
517 2195 558 2234 2,
585 2193 651 2236 15,
678 2196 734 2228 10.
760 2197 803 2228 ib.
827 2195 858 2229 5.
887 2196 932 2234 3,
958 2194 1001 2236 5,
1028 2191 1083 2226 14.
1119 2191 1296 2235 perlectus
1321 2189 1343 2222 l.
1379 2199 1427 2222 ex
1451 2187 1592 2234 integro
1618 2193 1723 2233 resuf'

227 2236 378 2269 mendus
388 2242 442 2271 est
454 2239 511 2280 10,
532 2241 565 2280 1,
579 2241 637 2274 20.
658 2238 703 2280 qs.
724 2243 779 2283 10,
795 2239 831 2282 4,
842 2242 874 2274 3.
899 2241 1048 2273 alterum
1066 2235 1120 2281 (Ιὴ
1137 2235 1295 2280 pluribus
1313 2245 1397 2268 sane
1415 2233 1539 2268 diebus
1553 2238 1723 2285 quantum

228 2283 390 2316 notando
402 2285 575 2329 consequi
585 2291 760 2328 poterant,
772 2287 1010 2330 interceptum
1019 2285 1256 2329 vulgaverant
1265 2282 1320 2314 Pr.
1336 2284 1357 2313 7
1367 2293 1376 2322 3
1403 2280 1440 2313 in
1461 2290 1594 2323 paucos
1610 2279 1728 2315 libros

231 2328 394 2365 contrahi
414 2332 470 2371 12,
486 2331 541 2370 11,
562 2332 615 2364 16.
638 2330 793 2366 indicem
813 2332 1008 2366 transferre
1019 2330 1056 2363 in
1068 2330 1091 2362 1.
1103 2338 1188 2361 suos
1207 2328 1262 2369 10,
1276 2328 1370 2369 1‚57.
1395 2323 1424 2368 ζ)
1435 2327 1570 2359 Abzau:
1596 2322 1728 2359 versui

232 2373 284 2407 de
307 2374 400 2408 libro
412 2375 516 2409 Ennii
534 2377 651 2410 annali
661 2384 766 2411 sexto
784 2379 819 2419 6,
828 2377 983 2420 3,86.ἰη
1004 2378 1026 2409 1.
1045 2374 1160 2418 primo
1178 2374 1214 2415 8,
1234 2375 1267 2414 1,
1286 2375 1319 2406 2.
1339 2372 1376 2406 iu
1396 2374 1419 2406 l.
1443 2372 1601 2406 secundo
1619 2373 1674 2412 10,
1688 2375 1724 2424 2,

231 2420 288 2453 20.
324 2419 363 2453 in
387 2423 547 2456 secundo
575 2424 620 2456 de
649 2424 801 2457 Oratore
825 2425 848 2456 l.
874 2425 920 2466 6,
945 2424 983 2462 3,
1009 2420 1065 2455 43.
1096 2420 1143 2452 in
1167 2418 1273 2452 tertio
1298 2420 1322 2452 1.
1355 2420 1416 2460 11,
1444 2421 1476 2460 1,
1499 2417 1534 2451 4.
1559 2415 1602 2457 cs.
1630 2417 1662 2458 5,
1687 2417 1727 2460 5,

233 2464 290 2498 35.
328 2467 363 2508 8,
391 2467 426 2510 6,
451 2468 508 2502 76.
530 2475 616 2511 etc.;
643 2469 688 2502 in
711 2468 818 2503 tertio
843 2470 888 2503 de
913 2468 1064 2502 Oratore
1091 2467 1175 2507 9,1,
1194 2465 1250 2499 26.
1271 2477 1305 2499 v.
1330 2475 1457 2507 supra‚·
1483 2476 1546 2517 ogn-
1571 2465 1627 2495 in:
1656 2472 1723 2494 ve·-

233 2515 349 2544 terum
373 2511 602 2548 Comicorum
624 2514 725 2550 libris
748 2514 897 2550 invenio
925 2517 957 2557 1,
982 2516 1014 2554 7,
1036 2515 1093 2545 22.
1132 2511 1202 2544 alio
1226 2512 1249 2545 l.
1277 2514 1312 2552 2,
1337 2508 1373 2552 4,
1396 2509 1452 2543 42.
1484 2511 1520 2551 b,
1546 2511 1579 2551 1,
1605 2509 1659 2541 13.
1687 2509 1725 2551 7&

233 2553 270 2598 4.
296 2558 353 2591 28.
388 2560 424 2602 9,
445 2561 479 2602 3,
501 2559 546 2594 46
594 2561 756 2605 pluribus
778 2562 802 2594 1.
831 2564 888 2602 12,
912 2562 956 2603 2,
971 2559 1005 2594 6.
1041 2557 1156 2602 primo
1180 2558 1204 2593 1.
1229 2559 1264 2599 2,
1287 2558 1345 2608 2.¹·
1368 2557 1423 2589 13.
1452 2556 1487 2597 s,
1512 2556 1548 2597 3,
1571 2555 1628 2587 30.
1669 2554 1723 2594 ιο,

234 2600 271 2642 5,
297 2603 328 2635 1·
363 2604 387 2636 l·
411 2606 531 2647 priore
557 2610 592 2649 2,
617 2610 652 2650 2,
678 2610 712 2641 2.
748 2607 964 2651 procedente
988 2606 1010 2638 l.
1032 2607 1067 2646 3,
1087 2608 1120 2645 1,
1138 2606 1171 2637 7.
1203 2611 1372 2646 proxlmo
1391 2602 1414 2635 l.
1444 2600 1480 2643 (ι’.
1498 2606 1723 2651 σκωπτικῷ

235 2648 372 2691 denti)
396 2653 429 2689 9,
453 2654 486 2693 1,
516 2657 546 2685 1.
575 2655 609 2695 9,
633 2657 670 2696 2,
694 2653 751 2687 40.
791 2664 894 2697 quam
917 2653 941 2685 l.
966 2649 1133 2694 proximo
1159 2648 1206 2692 (i.
1228 2661 1256 2682 e.
1285 2645 1509 2691 sequenti)
1533 2655 1573 2696 ¹¹¹.
1595 2644 1724 2690 figura·

238 2702 286 2725 ex
310 2693 507 2741 συνεκδοχῇ
530 2698 648 2732 distuli
672 2701 715 2742 9,
741 2702 783 2742 3,
809 2699 867 2734 58.
893 2696 935 2739 cs.
971 2699 1024 2737 10,
1049 2699 1082 2738 7,
1108 2697 1163 2729 33.
1189 2692 1430 2737 superioribus
1443 2693 1493 2732 (ιι.
1512 2695 1534 2723 ί.
1564 2701 1601 2723 m
1625 2689 1672 2732 S.)
1701 2689 1728 2735 b]

237 2737 389 2772 diximus
413 2742 449 2782 9,
473 2745 506 2782 4,
534 2745 590 2778 28.
632 2747 687 2787 12,
712 2748 746 2786 2,
776 2746 828 2780 15.
865 2743 946 2788 quia
971 2743 1056 2785 (Sp.
1084 2739 1168 2785 quo)
1194 2745 1270 2774 toto
1294 2737 1411 2780 (libro)
1440 2738 1529 2770 haec
1553 2736 1628 2769 sola
1654 2739 1723 2792 tra}

238 2789 375 2819 clanim·
399 2785 441 2829 5,
465 2788 520 2821 Pr.
544 2791 563 2822 3
587 2794 629 2824 Ζ.
669 2801 741 2825 non
767 2802 839 2824 uno
873 2792 894 2824 i.
920 2787 1179 2832 Aristophanes
1207 2787 1422 2820 demonstrat
1454 2787 1492 2825 1,
1523 2785 1580 2824 10,
1609 2782 1651 2815 18
1678 2779 1728 2814 M

1727 2847 1728 2865 i

1431 2934 1447 2953 *x
