<?xml version="1.0" encoding="UTF-8"?>
<!DOCTYPE html PUBLIC "-//W3C//DTD XHTML 1.0 Transitional//EN"
    "http://www.w3.org/TR/xhtml1/DTD/xhtml1-transitional.dtd">
<html xmlns="http://www.w3.org/1999/xhtml" xml:lang="en" lang="en">
 <head>
  <title>
</title>
<meta http-equiv="Content-Type" content="text/html;charset=utf-8" />
  <meta name='ocr-system' content='tesseract 3.04.00' />
  <meta name='ocr-capabilities' content='ocr_page ocr_carea ocr_par ocr_line ocrx_word'/>
</head>
<body>
  <div class='ocr_page' id='page_1' title='image "./lexiconquintilia06bonnuoft/lexiconquintilia06bonnuoft_0831.png"; bbox 0 0 1728 3002; ppageno 0'>
   <div class='ocr_carea' id='block_1_1' title="bbox 764 189 1566 242">
    <p class='ocr_par' dir='ltr' id='par_1_1' title="bbox 764 189 1566 242">
     <span class='ocr_line' id='line_1_1' title="bbox 764 189 1566 242; baseline 0.001 -9"><span class='ocrx_word' id='word_1_1' title='bbox 764 189 848 242; x_wconf 81' lang='lat' dir='ltr'>Qui</span> <span class='ocrx_word' id='word_1_2' title='bbox 1484 194 1566 234; x_wconf 83' lang='grc'><strong>739</strong></span> 
     </span>
    </p>
   </div>
   <div class='ocr_carea' id='block_1_2' title="bbox 87 303 1562 630">
    <p class='ocr_par' dir='ltr' id='par_1_2' title="bbox 87 303 1562 630">
     <span class='ocr_line' id='line_1_2' title="bbox 87 303 1562 355; baseline -0.004 -10"><span class='ocrx_word' id='word_1_3' title='bbox 87 311 127 355; x_wconf 86' lang='grc'>6,</span> <span class='ocrx_word' id='word_1_4' title='bbox 148 311 184 353; x_wconf 78' lang='grc'>3,</span> <span class='ocrx_word' id='word_1_5' title='bbox 207 310 230 345; x_wconf 91' lang='grc'><strong>5</strong></span> <span class='ocrx_word' id='word_1_6' title='bbox 254 309 301 343; x_wconf 88' lang='grc' dir='ltr'>Ν.</span> <span class='ocrx_word' id='word_1_7' title='bbox 325 305 412 353; x_wconf 81' lang='lat' dir='ltr'>er.];</span> <span class='ocrx_word' id='word_1_8' title='bbox 435 315 564 342; x_wconf 81' lang='lat' dir='ltr'>nemo</span> <span class='ocrx_word' id='word_1_9' title='bbox 588 304 655 340; x_wconf 87' lang='lat' dir='ltr'>erit</span> <span class='ocrx_word' id='word_1_10' title='bbox 677 310 767 339; x_wconf 79' lang='lat' dir='ltr'>tam</span> <span class='ocrx_word' id='word_1_11' title='bbox 790 303 965 347; x_wconf 83' lang='lat' dir='ltr'>indoctus,</span> <span class='ocrx_word' id='word_1_12' title='bbox 988 303 1061 348; x_wconf 75' lang='lat' dir='ltr'>qu}</span> <span class='ocrx_word' id='word_1_13' title='bbox 1085 307 1176 338; x_wconf 83' lang='lat' dir='ltr'>non</span> <span class='ocrx_word' id='word_1_14' title='bbox 1198 303 1352 338; x_wconf 70' lang='lat' dir='ltr'>fateatur</span> <span class='ocrx_word' id='word_1_15' title='bbox 1375 305 1432 348; x_wconf 93' lang='grc'>10,</span> <span class='ocrx_word' id='word_1_16' title='bbox 1451 307 1486 348; x_wconf 94' lang='grc'>1,</span> <span class='ocrx_word' id='word_1_17' title='bbox 1505 303 1562 339; x_wconf 86' lang='grc'>48.</span> 
     </span>
     <span class='ocr_line' id='line_1_3' title="bbox 90 348 1561 399; baseline -0.003 -10"><span class='ocrx_word' id='word_1_18' title='bbox 90 355 136 399; x_wconf 64' lang='lat' dir='ltr'>«gf.</span> <span class='ocrx_word' id='word_1_19' title='bbox 158 357 195 399; x_wconf 93' lang='lat'>9,</span> <span class='ocrx_word' id='word_1_20' title='bbox 220 353 257 398; x_wconf 74' lang='lat'>4,</span> <span class='ocrx_word' id='word_1_21' title='bbox 282 352 360 389; x_wconf 80' lang='grc'><strong>145.</strong></span> <span class='ocrx_word' id='word_1_22' title='bbox 384 352 473 388; x_wconf 87' lang='lat' dir='ltr'>nihil</span> <span class='ocrx_word' id='word_1_23' title='bbox 493 351 703 396; x_wconf 72' lang='lat' dir='ltr'>(reperitur),</span> <span class='ocrx_word' id='word_1_24' title='bbox 727 351 866 396; x_wconf 76' lang='lat' dir='ltr'>quod,</span> <span class='ocrx_word' id='word_1_25' title='bbox 890 359 996 395; x_wconf 75' lang='lat' dir='ltr'>prosa</span> <span class='ocrx_word' id='word_1_26' title='bbox 1014 348 1196 393; x_wconf 82' lang='lat' dir='ltr'>scriptum,</span> <span class='ocrx_word' id='word_1_27' title='bbox 1218 360 1307 384; x_wconf 85' lang='lat' dir='ltr'>non</span> <span class='ocrx_word' id='word_1_28' title='bbox 1330 349 1442 397; x_wconf 84' lang='lat' dir='ltr'>redigi</span> <span class='ocrx_word' id='word_1_29' title='bbox 1462 361 1561 395; x_wconf 86' lang='lat' dir='ltr'>pos-</span> 
     </span>
     <span class='ocr_line' id='line_1_4' title="bbox 88 396 1560 445; baseline -0.005 -8"><span class='ocrx_word' id='word_1_30' title='bbox 88 402 151 437; x_wconf 79' lang='lat' dir='ltr'>sit</span> <span class='ocrx_word' id='word_1_31' title='bbox 184 401 222 435; x_wconf 87' lang='lat' dir='ltr'>in</span> <span class='ocrx_word' id='word_1_32' title='bbox 254 401 380 445; x_wconf 82' lang='lat' dir='ltr'>quaed.</span> <span class='ocrx_word' id='word_1_33' title='bbox 410 397 668 435; x_wconf 77' lang='lat' dir='ltr'>versiculorum</span> <span class='ocrx_word' id='word_1_34' title='bbox 694 407 824 444; x_wconf 81' lang='lat' dir='ltr'>genera</span> <span class='ocrx_word' id='word_1_35' title='bbox 846 398 892 439; x_wconf 87' lang='lat'>9,</span> <span class='ocrx_word' id='word_1_36' title='bbox 915 396 959 438; x_wconf 83' lang='lat'>4,</span> <span class='ocrx_word' id='word_1_37' title='bbox 984 396 1040 430; x_wconf 87' lang='grc'>52.</span> <span class='ocrx_word' id='word_1_38' title='bbox 1081 396 1254 429; x_wconf 85' lang='lat' dir='ltr'>nullum</span> <span class='ocrx_word' id='word_1_39' title='bbox 1289 407 1367 431; x_wconf 85' lang='lat' dir='ltr'>esse</span> <span class='ocrx_word' id='word_1_40' title='bbox 1395 397 1560 439; x_wconf 81' lang='lat' dir='ltr'>verbnm,</span> 
     </span>
     <span class='ocr_line' id='line_1_5' title="bbox 93 441 1560 493; baseline -0.003 -12"><span class='ocrx_word' id='word_1_41' title='bbox 93 448 210 493; x_wconf 85' lang='lat' dir='ltr'>quod</span> <span class='ocrx_word' id='word_1_42' title='bbox 233 456 322 480; x_wconf 89' lang='lat' dir='ltr'>non</span> <span class='ocrx_word' id='word_1_43' title='bbox 344 447 446 490; x_wconf 82' lang='lat' dir='ltr'>plura</span> <span class='ocrx_word' id='word_1_44' title='bbox 467 443 643 491; x_wconf 78' lang='lat' dir='ltr'>significet</span> <span class='ocrx_word' id='word_1_45' title='bbox 665 447 707 486; x_wconf 94' lang='grc'>7,</span> <span class='ocrx_word' id='word_1_46' title='bbox 730 445 775 485; x_wconf 88' lang='grc'>9,</span> <span class='ocrx_word' id='word_1_47' title='bbox 803 445 832 476; x_wconf 90' lang='grc'>1.</span> <span class='ocrx_word' id='word_1_48' title='bbox 867 442 911 484; x_wconf 83' lang='lat' dir='ltr'>cs.</span> <span class='ocrx_word' id='word_1_49' title='bbox 933 443 979 482; x_wconf 84' lang='lat'>9,</span> <span class='ocrx_word' id='word_1_50' title='bbox 1010 444 1042 484; x_wconf 92' lang='lat'>1,</span> <span class='ocrx_word' id='word_1_51' title='bbox 1067 441 1122 475; x_wconf 75' lang='lat'>24.</span> <span class='ocrx_word' id='word_1_52' title='bbox 1155 447 1215 475; x_wconf 82' lang='lat' dir='ltr'>aut</span> <span class='ocrx_word' id='word_1_53' title='bbox 1238 447 1355 486; x_wconf 82' lang='lat' dir='ltr'>potest</span> <span class='ocrx_word' id='word_1_54' title='bbox 1383 453 1463 476; x_wconf 84' lang='lat' dir='ltr'>esse</span> <span class='ocrx_word' id='word_1_55' title='bbox 1487 443 1560 476; x_wconf 88' lang='lat' dir='ltr'>ulla</span> 
     </span>
     <span class='ocr_line' id='line_1_6' title="bbox 90 487 1561 537; baseline -0.004 -9"><span class='ocrx_word' id='word_1_56' title='bbox 90 499 179 528; x_wconf 78' lang='lat' dir='ltr'>tam</span> <span class='ocrx_word' id='word_1_57' title='bbox 201 498 371 537; x_wconf 85' lang='lat' dir='ltr'>perpetua</span> <span class='ocrx_word' id='word_1_58' title='bbox 393 490 559 525; x_wconf 82' lang='lat' dir='ltr'>discentis</span> <span class='ocrx_word' id='word_1_59' title='bbox 581 489 752 531; x_wconf 74' lang='lat' dir='ltr'>intentio,</span> <span class='ocrx_word' id='word_1_60' title='bbox 787 499 899 533; x_wconf 81' lang='lat' dir='ltr'>quae</span> <span class='ocrx_word' id='word_1_61' title='bbox 926 498 1021 522; x_wconf 87' lang='lat' dir='ltr'>non</span> <span class='ocrx_word' id='word_1_62' title='bbox 1046 488 1169 520; x_wconf 86' lang='lat' dir='ltr'>obtutu</span> <span class='ocrx_word' id='word_1_63' title='bbox 1194 487 1365 522; x_wconf 84' lang='lat' dir='ltr'>continuo</span> <span class='ocrx_word' id='word_1_64' title='bbox 1392 489 1561 535; x_wconf 75' lang='lat' dir='ltr'><strong>fatigetur</strong></span> 
     </span>
     <span class='ocr_line' id='line_1_7' title="bbox 91 532 1558 583; baseline -0.004 -10"><span class='ocrx_word' id='word_1_65' title='bbox 91 542 134 583; x_wconf 85' lang='lat'>1,</span> <span class='ocrx_word' id='word_1_66' title='bbox 157 541 202 582; x_wconf 98' lang='grc'>2,</span> <span class='ocrx_word' id='word_1_67' title='bbox 228 540 282 572; x_wconf 83' lang='grc'>11.</span> <span class='ocrx_word' id='word_1_68' title='bbox 334 536 380 580; x_wconf 92' lang='lat' dir='ltr'>c)</span> <span class='ocrx_word' id='word_1_69' title='bbox 418 549 447 571; x_wconf 81' lang='lat' dir='ltr'>c.</span> <span class='ocrx_word' id='word_1_70' title='bbox 474 538 584 571; x_wconf 78' lang='lat' dir='ltr'>Verbo</span> <span class='ocrx_word' id='word_1_71' title='bbox 608 540 743 568; x_wconf 81' lang='lat' dir='ltr'>velle.-</span> <span class='ocrx_word' id='word_1_72' title='bbox 782 534 874 568; x_wconf 82' lang='lat' dir='ltr'>intra</span> <span class='ocrx_word' id='word_1_73' title='bbox 900 545 939 568; x_wconf 82' lang='lat' dir='ltr'>se</span> <span class='ocrx_word' id='word_1_74' title='bbox 964 532 1111 578; x_wconf 83' lang='lat' dir='ltr'>quisque</span> <span class='ocrx_word' id='word_1_75' title='bbox 1146 534 1206 567; x_wconf 80' lang='lat' dir='ltr'>vel</span> <span class='ocrx_word' id='word_1_76' title='bbox 1237 535 1331 575; x_wconf 88' lang='lat' dir='ltr'>hoc,</span> <span class='ocrx_word' id='word_1_77' title='bbox 1365 535 1426 568; x_wconf 80' lang='lat' dir='ltr'>vel</span> <span class='ocrx_word' id='word_1_78' title='bbox 1451 534 1558 576; x_wconf 81' lang='lat' dir='ltr'>aliud,</span> 
     </span>
     <span class='ocr_line' id='line_1_8' title="bbox 90 579 1560 630; baseline -0.003 -11"><span class='ocrx_word' id='word_1_79' title='bbox 90 585 211 630; x_wconf 82' lang='lat' dir='ltr'>quod</span> <span class='ocrx_word' id='word_1_80' title='bbox 241 584 390 622; x_wconf 80' lang='lat' dir='ltr'>volet,</span> <span class='ocrx_word' id='word_1_81' title='bbox 416 593 481 627; x_wconf 85' lang='lat' dir='ltr'>per</span> <span class='ocrx_word' id='word_1_82' title='bbox 503 592 624 616; x_wconf 86' lang='lat' dir='ltr'>omnes</span> <span class='ocrx_word' id='word_1_83' title='bbox 650 581 793 615; x_wconf 82' lang='lat' dir='ltr'>affectus</span> <span class='ocrx_word' id='word_1_84' title='bbox 816 586 935 615; x_wconf 79' lang='lat' dir='ltr'>verset</span> <span class='ocrx_word' id='word_1_85' title='bbox 967 582 1028 621; x_wconf 88' lang='lat'>11,</span> <span class='ocrx_word' id='word_1_86' title='bbox 1053 581 1099 622; x_wconf 84' lang='lat'>3,</span> <span class='ocrx_word' id='word_1_87' title='bbox 1126 580 1203 613; x_wconf 81' lang='lat'><strong>176.</strong></span> <span class='ocrx_word' id='word_1_88' title='bbox 1236 580 1295 614; x_wconf 81' lang='lat' dir='ltr'>vir</span> <span class='ocrx_word' id='word_1_89' title='bbox 1317 579 1420 614; x_wconf 80' lang='lat' dir='ltr'>sortis</span> <span class='ocrx_word' id='word_1_90' title='bbox 1449 586 1560 624; x_wconf 78' lang='lat' dir='ltr'>optet,</span> 
     </span>
    </p>
   </div>
   <div class='ocr_carea' id='block_1_3' title="bbox 47 623 1560 675">
    <p class='ocr_par' dir='ltr' id='par_1_3' title="bbox 47 623 1560 675">
     <span class='ocr_line' id='line_1_9' title="bbox 47 623 1560 675; baseline -0.003 -11"><span class='ocrx_word' id='word_1_91' title='bbox 47 623 50 629; x_wconf 56' lang='lat'><strong>¹</strong></span> <span class='ocrx_word' id='word_1_92' title='bbox 90 630 212 675; x_wconf 81' lang='lat' dir='ltr'>quod</span> <span class='ocrx_word' id='word_1_93' title='bbox 232 630 369 664; x_wconf 83' lang='lat' dir='ltr'>volet</span> <span class='ocrx_word' id='word_1_94' title='bbox 399 631 443 670; x_wconf 87' lang='lat'>7,</span> <span class='ocrx_word' id='word_1_95' title='bbox 467 627 510 675; x_wconf 73' lang='lat'>5,¹</span> <span class='ocrx_word' id='word_1_96' title='bbox 527 626 562 661; x_wconf 81' lang='lat'>4.</span> <span class='ocrx_word' id='word_1_97' title='bbox 595 626 640 668; x_wconf 74' lang='lat' dir='ltr'>es.</span> <span class='ocrx_word' id='word_1_98' title='bbox 668 626 725 671; x_wconf 83' lang='lat'>[7,</span> <span class='ocrx_word' id='word_1_99' title='bbox 753 629 787 666; x_wconf 90' lang='grc'><strong>7,</strong></span> <span class='ocrx_word' id='word_1_100' title='bbox 812 625 863 670; x_wconf 87' lang='grc'>4.]</span> <span class='ocrx_word' id='word_1_101' title='bbox 887 628 928 668; x_wconf 87' lang='grc'><strong>9,</strong></span> <span class='ocrx_word' id='word_1_102' title='bbox 953 630 999 666; x_wconf 86' lang='grc'>2,</span> <span class='ocrx_word' id='word_1_103' title='bbox 1025 627 1082 659; x_wconf 85' lang='grc'>81.</span> <span class='ocrx_word' id='word_1_104' title='bbox 1111 625 1278 671; x_wconf 75' lang='lat' dir='ltr'>colligere</span> <span class='ocrx_word' id='word_1_105' title='bbox 1301 637 1343 659; x_wconf 83' lang='lat' dir='ltr'>ac</span> <span class='ocrx_word' id='word_1_106' title='bbox 1364 627 1560 668; x_wconf 79' lang='lat' dir='ltr'>resolvere,</span> 
     </span>
    </p>
   </div>
   <div class='ocr_carea' id='block_1_4' title="bbox 88 671 1561 948">
    <p class='ocr_par' dir='ltr' id='par_1_4' title="bbox 88 671 1561 904">
     <span class='ocr_line' id='line_1_10' title="bbox 88 671 1561 721; baseline -0.004 -11"><span class='ocrx_word' id='word_1_107' title='bbox 88 686 203 721; x_wconf 75' lang='lat' dir='ltr'>quae</span> <span class='ocrx_word' id='word_1_108' title='bbox 225 674 368 716; x_wconf 73' lang='lat' dir='ltr'>velis,</span> <span class='ocrx_word' id='word_1_109' title='bbox 391 679 573 708; x_wconf 80' lang='lat' dir='ltr'>oratorum</span> <span class='ocrx_word' id='word_1_110' title='bbox 594 678 648 706; x_wconf 77' lang='lat' dir='ltr'>est</span> <span class='ocrx_word' id='word_1_111' title='bbox 674 675 729 714; x_wconf 90' lang='grc'>12,</span> <span class='ocrx_word' id='word_1_112' title='bbox 752 675 786 715; x_wconf 92' lang='grc'>2,</span> <span class='ocrx_word' id='word_1_113' title='bbox 814 675 870 706; x_wconf 94' lang='grc'>10.</span> <span class='ocrx_word' id='word_1_114' title='bbox 893 671 1033 716; x_wconf 80' lang='lat' dir='ltr'>utrique</span> <span class='ocrx_word' id='word_1_115' title='bbox 1059 671 1156 710; x_wconf 75' lang='lat' dir='ltr'>data,</span> <span class='ocrx_word' id='word_1_116' title='bbox 1181 671 1300 715; x_wconf 81' lang='lat' dir='ltr'>quod</span> <span class='ocrx_word' id='word_1_117' title='bbox 1326 671 1472 714; x_wconf 82' lang='lat' dir='ltr'>velit,</span> <span class='ocrx_word' id='word_1_118' title='bbox 1495 683 1561 716; x_wconf 84' lang='lat' dir='ltr'>pe-</span> 
     </span>
     <span class='ocr_line' id='line_1_11' title="bbox 88 717 1559 763; baseline -0.003 -7"><span class='ocrx_word' id='word_1_119' title='bbox 88 720 184 756; x_wconf 78' lang='lat' dir='ltr'>tendi</span> <span class='ocrx_word' id='word_1_120' title='bbox 213 721 380 755; x_wconf 71' lang='lat' dir='ltr'>facultate</span> <span class='ocrx_word' id='word_1_121' title='bbox 402 721 438 762; x_wconf 89' lang='lat'>7,</span> <span class='ocrx_word' id='word_1_122' title='bbox 461 722 496 762; x_wconf 93' lang='grc'>7,</span> <span class='ocrx_word' id='word_1_123' title='bbox 520 722 555 752; x_wconf 88' lang='grc'>2.</span> <span class='ocrx_word' id='word_1_124' title='bbox 597 717 644 760; x_wconf 79' lang='lat' dir='ltr'>cs.</span> <span class='ocrx_word' id='word_1_125' title='bbox 669 719 711 759; x_wconf 87' lang='grc'>8,</span> <span class='ocrx_word' id='word_1_126' title='bbox 740 719 781 760; x_wconf 87' lang='grc'>3,</span> <span class='ocrx_word' id='word_1_127' title='bbox 804 717 862 752; x_wconf 89' lang='grc'>61.</span> <span class='ocrx_word' id='word_1_128' title='bbox 897 720 963 756; x_wconf 84' lang='grc'>10.</span> <span class='ocrx_word' id='word_1_129' title='bbox 990 721 1029 758; x_wconf 97' lang='grc'>1,</span> <span class='ocrx_word' id='word_1_130' title='bbox 1059 719 1134 750; x_wconf 89' lang='grc'><strong>121.</strong></span> <span class='ocrx_word' id='word_1_131' title='bbox 1169 719 1235 759; x_wconf 88' lang='grc'>12,</span> <span class='ocrx_word' id='word_1_132' title='bbox 1262 719 1317 760; x_wconf 92' lang='grc'>11,</span> <span class='ocrx_word' id='word_1_133' title='bbox 1342 719 1398 751; x_wconf 91' lang='grc'><strong>10.</strong></span> <span class='ocrx_word' id='word_1_134' title='bbox 1437 717 1497 763; x_wconf 82' lang='lat' dir='ltr'>qui</span> <span class='ocrx_word' id='word_1_135' title='bbox 1522 717 1559 751; x_wconf 89' lang='lat' dir='ltr'>in</span> 
     </span>
     <span class='ocr_line' id='line_1_12' title="bbox 89 761 1558 812; baseline -0.002 -12"><span class='ocrx_word' id='word_1_136' title='bbox 89 777 220 812; x_wconf 82' lang='lat' dir='ltr'>quem</span> <span class='ocrx_word' id='word_1_137' title='bbox 243 767 398 801; x_wconf 79' lang='lat' dir='ltr'>vellet</span> <span class='ocrx_word' id='word_1_138' title='bbox 425 764 583 799; x_wconf 84' lang='lat' dir='ltr'>habitum</span> <span class='ocrx_word' id='word_1_139' title='bbox 605 763 711 798; x_wconf 84' lang='lat' dir='ltr'>animi</span> <span class='ocrx_word' id='word_1_140' title='bbox 734 769 855 808; x_wconf 86' lang='lat' dir='ltr'>posset</span> <span class='ocrx_word' id='word_1_141' title='bbox 880 764 1074 807; x_wconf 80' lang='lat' dir='ltr'>perducere</span> <span class='ocrx_word' id='word_1_142' title='bbox 1097 761 1248 806; x_wconf 86' lang='lat' dir='ltr'>judicem</span> <span class='ocrx_word' id='word_1_143' title='bbox 1274 764 1308 805; x_wconf 83' lang='lat'>6,</span> <span class='ocrx_word' id='word_1_144' title='bbox 1325 765 1359 805; x_wconf 87' lang='grc'>2,</span> <span class='ocrx_word' id='word_1_145' title='bbox 1382 765 1414 797; x_wconf 88' lang='grc'><strong>3.</strong></span> <span class='ocrx_word' id='word_1_146' title='bbox 1463 762 1499 806; x_wconf 92' lang='lat' dir='ltr'>d)</span> <span class='ocrx_word' id='word_1_147' title='bbox 1529 777 1558 797; x_wconf 86' lang='lat' dir='ltr'>c.</span> 
     </span>
     <span class='ocr_line' id='line_1_13' title="bbox 88 807 1557 857; baseline -0.003 -9"><span class='ocrx_word' id='word_1_148' title='bbox 88 812 180 855; x_wconf 75' lang='lat' dir='ltr'>Ins..-</span> <span class='ocrx_word' id='word_1_149' title='bbox 217 822 330 857; x_wconf 81' lang='lat' dir='ltr'>quos</span> <span class='ocrx_word' id='word_1_150' title='bbox 354 810 508 844; x_wconf 79' lang='lat' dir='ltr'>maxime</span> <span class='ocrx_word' id='word_1_151' title='bbox 531 810 567 844; x_wconf 86' lang='lat' dir='ltr'>in</span> <span class='ocrx_word' id='word_1_152' title='bbox 593 810 754 857; x_wconf 81' lang='lat' dir='ltr'>ingressu</span> <span class='ocrx_word' id='word_1_153' title='bbox 781 821 823 844; x_wconf 88' lang='lat' dir='ltr'>ac</span> <span class='ocrx_word' id='word_1_154' title='bbox 844 808 920 844; x_wconf 84' lang='lat' dir='ltr'>fine</span> <span class='ocrx_word' id='word_1_155' title='bbox 943 807 1096 853; x_wconf 75' lang='lat' dir='ltr'>(causae)</span> <span class='ocrx_word' id='word_1_156' title='bbox 1121 808 1348 842; x_wconf 86' lang='lat' dir='ltr'>dominari</span> <span class='ocrx_word' id='word_1_157' title='bbox 1371 810 1413 850; x_wconf 88' lang='grc'>8,</span> <span class='ocrx_word' id='word_1_158' title='bbox 1439 810 1497 843; x_wconf 87' lang='lat' dir='ltr'>Pr.</span> <span class='ocrx_word' id='word_1_159' title='bbox 1522 811 1557 843; x_wconf 87' lang='lat'>7.</span> 
     </span>
     <span class='ocr_line' id='line_1_14' title="bbox 88 856 818 904; baseline -0.004 -12"><span class='ocrx_word' id='word_1_160' title='bbox 88 859 211 904; x_wconf 85' lang='lat' dir='ltr'>quod</span> <span class='ocrx_word' id='word_1_161' title='bbox 240 867 344 892; x_wconf 87' lang='lat' dir='ltr'>esse</span> <span class='ocrx_word' id='word_1_162' title='bbox 366 856 605 892; x_wconf 75' lang='lat' dir='ltr'>verosimilius</span> <span class='ocrx_word' id='word_1_163' title='bbox 627 859 670 899; x_wconf 86' lang='lat'>3,</span> <span class='ocrx_word' id='word_1_164' title='bbox 694 857 736 896; x_wconf 84' lang='lat'>8,</span> <span class='ocrx_word' id='word_1_165' title='bbox 763 857 818 890; x_wconf 87' lang='grc'>31.</span> 
     </span>
    </p>

    <p class='ocr_par' dir='ltr' id='par_1_5' title="bbox 135 899 1560 948">
     <span class='ocr_line' id='line_1_15' title="bbox 135 899 1560 948; baseline -0.002 -11"><span class='ocrx_word' id='word_1_166' title='bbox 135 906 183 948; x_wconf 77' lang='grc' dir='ltr'>β)</span> <span class='ocrx_word' id='word_1_167' title='bbox 214 906 317 937; x_wconf 86' lang='lat' dir='ltr'>Pron.</span> <span class='ocrx_word' id='word_1_168' title='bbox 345 904 570 936; x_wconf 75' lang='lat' dir='ltr'>amecedeme:</span> <span class='ocrx_word' id='word_1_169' title='bbox 603 903 741 936; x_wconf 85' lang='lat' dir='ltr'>obstant</span> <span class='ocrx_word' id='word_1_170' title='bbox 764 900 895 943; x_wconf 85' lang='lat' dir='ltr'>huic,</span> <span class='ocrx_word' id='word_1_171' title='bbox 925 911 982 945; x_wconf 87' lang='lat' dir='ltr'>qu</span> <span class='ocrx_word' id='word_1_172' title='bbox 993 901 1045 935; x_wconf 93' lang='lat' dir='ltr'>od</span> <span class='ocrx_word' id='word_1_173' title='bbox 1071 901 1229 935; x_wconf 86' lang='lat' dir='ltr'>secundo</span> <span class='ocrx_word' id='word_1_174' title='bbox 1261 901 1343 934; x_wconf 89' lang='lat' dir='ltr'>loco</span> <span class='ocrx_word' id='word_1_175' title='bbox 1373 899 1477 944; x_wconf 84' lang='lat' dir='ltr'>posui</span> <span class='ocrx_word' id='word_1_176' title='bbox 1502 903 1560 941; x_wconf 91' lang='lat'>10,</span> 
     </span>
    </p>
   </div>
   <div class='ocr_carea' id='block_1_5' title="bbox 41 945 1558 998">
    <p class='ocr_par' dir='ltr' id='par_1_6' title="bbox 41 945 1558 998">
     <span class='ocr_line' id='line_1_16' title="bbox 41 945 1558 998; baseline -0.003 -14"><span class='ocrx_word' id='word_1_177' title='bbox 41 982 58 984; x_wconf 74' lang='lat'>-</span> <span class='ocrx_word' id='word_1_178' title='bbox 87 950 124 993; x_wconf 85' lang='lat'>5,</span> <span class='ocrx_word' id='word_1_179' title='bbox 146 952 204 985; x_wconf 84' lang='lat'><strong>21.</strong></span> <span class='ocrx_word' id='word_1_180' title='bbox 230 948 276 991; x_wconf 78' lang='lat' dir='ltr'>cs.</span> <span class='ocrx_word' id='word_1_181' title='bbox 303 949 338 991; x_wconf 87' lang='lat'>6,</span> <span class='ocrx_word' id='word_1_182' title='bbox 361 950 396 991; x_wconf 88' lang='grc'>3,</span> <span class='ocrx_word' id='word_1_183' title='bbox 421 949 581 989; x_wconf 84' lang='grc' dir='ltr'><strong>112.-1Ο,-</strong></span> <span class='ocrx_word' id='word_1_184' title='bbox 607 950 640 991; x_wconf 90' lang='grc'>1,</span> <span class='ocrx_word' id='word_1_185' title='bbox 659 949 720 982; x_wconf 80' lang='grc'>25.</span> <span class='ocrx_word' id='word_1_186' title='bbox 749 959 782 980; x_wconf 83' lang='grc' dir='ltr'>υ.</span> <span class='ocrx_word' id='word_1_187' title='bbox 806 946 908 980; x_wconf 82' lang='lat' dir='ltr'>Hic.</span> <span class='ocrx_word' id='word_1_188' title='bbox 931 946 1016 980; x_wconf 88' lang='lat' dir='ltr'>hinc</span> <span class='ocrx_word' id='word_1_189' title='bbox 1039 952 1076 980; x_wconf 83' lang='grc'>81</span> <span class='ocrx_word' id='word_1_190' title='bbox 1101 947 1219 980; x_wconf 90' lang='lat' dir='ltr'>illud</span> <span class='ocrx_word' id='word_1_191' title='bbox 1246 952 1312 988; x_wconf 85' lang='lat' dir='ltr'>est,</span> <span class='ocrx_word' id='word_1_192' title='bbox 1336 947 1456 998; x_wconf 31' lang='lat' dir='ltr'>quuod</span> <span class='ocrx_word' id='word_1_193' title='bbox 1481 945 1558 980; x_wconf 81' lang='lat' dir='ltr'>cic.</span> 
     </span>
    </p>
   </div>
   <div class='ocr_carea' id='block_1_6' title="bbox 86 991 1563 1316">
    <p class='ocr_par' dir='ltr' id='par_1_7' title="bbox 86 991 1563 1316">
     <span class='ocr_line' id='line_1_17' title="bbox 89 991 1560 1039; baseline -0.003 -10"><span class='ocrx_word' id='word_1_194' title='bbox 89 1001 238 1031; x_wconf 75' lang='lat' dir='ltr'>testatur</span> <span class='ocrx_word' id='word_1_195' title='bbox 264 997 326 1038; x_wconf 84' lang='lat'>12,</span> <span class='ocrx_word' id='word_1_196' title='bbox 352 996 395 1036; x_wconf 88' lang='grc'>2,</span> <span class='ocrx_word' id='word_1_197' title='bbox 424 996 466 1036; x_wconf 89' lang='grc'>6;</span> <span class='ocrx_word' id='word_1_198' title='bbox 501 992 531 1027; x_wconf 86' lang='lat' dir='ltr'>si</span> <span class='ocrx_word' id='word_1_199' title='bbox 558 992 617 1035; x_wconf 83' lang='lat' dir='ltr'>is,</span> <span class='ocrx_word' id='word_1_200' title='bbox 644 1003 724 1027; x_wconf 91' lang='lat' dir='ltr'>cum</span> <span class='ocrx_word' id='word_1_201' title='bbox 748 1002 833 1036; x_wconf 88' lang='lat' dir='ltr'>quo</span> <span class='ocrx_word' id='word_1_202' title='bbox 856 998 980 1039; x_wconf 69' lang='lat' dir='ltr'>agatur</span> <span class='ocrx_word' id='word_1_203' title='bbox 1004 994 1091 1035; x_wconf 85' lang='lat' dir='ltr'>(Sp.</span> <span class='ocrx_word' id='word_1_204' title='bbox 1115 991 1263 1038; x_wconf 79' lang='lat' dir='ltr'>agitur),</span> <span class='ocrx_word' id='word_1_205' title='bbox 1295 991 1385 1025; x_wconf 72' lang='lat' dir='ltr'>nihil</span> <span class='ocrx_word' id='word_1_206' title='bbox 1411 1002 1560 1036; x_wconf 87' lang='lat' dir='ltr'>respon-</span> 
     </span>
     <span class='ocr_line' id='line_1_18' title="bbox 87 1037 1561 1083; baseline -0.003 -7"><span class='ocrx_word' id='word_1_207' title='bbox 87 1042 170 1076; x_wconf 80' lang='lat' dir='ltr'>deat</span> <span class='ocrx_word' id='word_1_208' title='bbox 189 1042 229 1083; x_wconf 79' lang='lat'>3,</span> <span class='ocrx_word' id='word_1_209' title='bbox 251 1040 287 1083; x_wconf 85' lang='grc'>6,</span> <span class='ocrx_word' id='word_1_210' title='bbox 314 1038 359 1074; x_wconf 86' lang='grc'>14</span> <span class='ocrx_word' id='word_1_211' title='bbox 381 1043 422 1074; x_wconf 87' lang='grc' dir='ltr'>Ζ.</span> <span class='ocrx_word' id='word_1_212' title='bbox 449 1038 494 1081; x_wconf 81' lang='lat' dir='ltr'>cs.</span> <span class='ocrx_word' id='word_1_213' title='bbox 520 1040 555 1081; x_wconf 83' lang='lat'>3,</span> <span class='ocrx_word' id='word_1_214' title='bbox 579 1039 614 1081; x_wconf 90' lang='grc'>8,</span> <span class='ocrx_word' id='word_1_215' title='bbox 637 1040 660 1074; x_wconf 87' lang='grc'><strong>9</strong></span> <span class='ocrx_word' id='word_1_216' title='bbox 682 1042 723 1073; x_wconf 92' lang='grc' dir='ltr'><strong>Ζ.</strong></span> <span class='ocrx_word' id='word_1_217' title='bbox 749 1048 918 1081; x_wconf 88' lang='lat' dir='ltr'>eorum,</span> <span class='ocrx_word' id='word_1_218' title='bbox 942 1047 1054 1082; x_wconf 88' lang='lat' dir='ltr'>quos</span> <span class='ocrx_word' id='word_1_219' title='bbox 1078 1038 1300 1079; x_wconf 81' lang='lat' dir='ltr'>viderim,</span> <span class='ocrx_word' id='word_1_220' title='bbox 1326 1037 1433 1083; x_wconf 86' lang='lat' dir='ltr'>longe</span> <span class='ocrx_word' id='word_1_221' title='bbox 1454 1049 1561 1082; x_wconf 88' lang='lat' dir='ltr'>prae—</span> 
     </span>
     <span class='ocr_line' id='line_1_19' title="bbox 89 1084 1558 1130; baseline -0.003 -9"><span class='ocrx_word' id='word_1_222' title='bbox 89 1085 291 1122; x_wconf 71' lang='lat' dir='ltr'>stantissimi</span> <span class='ocrx_word' id='word_1_223' title='bbox 314 1087 377 1128; x_wconf 88' lang='lat'>10,</span> <span class='ocrx_word' id='word_1_224' title='bbox 402 1088 441 1128; x_wconf 91' lang='lat'>1,</span> <span class='ocrx_word' id='word_1_225' title='bbox 467 1085 546 1119; x_wconf 92' lang='grc'><strong>118.</strong></span> <span class='ocrx_word' id='word_1_226' title='bbox 570 1085 636 1126; x_wconf 89' lang='lat' dir='ltr'>ei,</span> <span class='ocrx_word' id='word_1_227' title='bbox 663 1095 794 1130; x_wconf 84' lang='lat' dir='ltr'>quem</span> <span class='ocrx_word' id='word_1_228' title='bbox 819 1091 994 1118; x_wconf 85' lang='lat' dir='ltr'>oratorem</span> <span class='ocrx_word' id='word_1_229' title='bbox 1022 1093 1100 1117; x_wconf 82' lang='lat' dir='ltr'>esse</span> <span class='ocrx_word' id='word_1_230' title='bbox 1122 1084 1332 1117; x_wconf 80' lang='lat' dir='ltr'>volumus</span> <span class='ocrx_word' id='word_1_231' title='bbox 1361 1086 1427 1126; x_wconf 84' lang='grc'>12,</span> <span class='ocrx_word' id='word_1_232' title='bbox 1455 1087 1498 1126; x_wconf 96' lang='grc'>7,</span> <span class='ocrx_word' id='word_1_233' title='bbox 1525 1087 1558 1118; x_wconf 94' lang='grc'><strong>7.</strong></span> 
     </span>
     <span class='ocr_line' id='line_1_20' title="bbox 89 1129 1561 1176; baseline -0.003 -9"><span class='ocrx_word' id='word_1_234' title='bbox 89 1143 214 1175; x_wconf 86' lang='lat' dir='ltr'>eum,</span> <span class='ocrx_word' id='word_1_235' title='bbox 251 1131 331 1176; x_wconf 86' lang='lat' dir='ltr'>qui</span> <span class='ocrx_word' id='word_1_236' title='bbox 353 1141 412 1165; x_wconf 87' lang='lat' dir='ltr'>res</span> <span class='ocrx_word' id='word_1_237' title='bbox 434 1130 598 1166; x_wconf 77' lang='lat' dir='ltr'>invenire</span> <span class='ocrx_word' id='word_1_238' title='bbox 619 1135 656 1165; x_wconf 88' lang='lat' dir='ltr'>et</span> <span class='ocrx_word' id='word_1_239' title='bbox 679 1131 866 1175; x_wconf 79' lang='lat' dir='ltr'>disponere</span> <span class='ocrx_word' id='word_1_240' title='bbox 890 1129 1038 1172; x_wconf 87' lang='lat' dir='ltr'>sciet,</span> <span class='ocrx_word' id='word_1_241' title='bbox 1074 1129 1188 1164; x_wconf 83' lang='lat' dir='ltr'>verba</span> <span class='ocrx_word' id='word_1_242' title='bbox 1213 1139 1355 1173; x_wconf 86' lang='lat' dir='ltr'>quoque</span> <span class='ocrx_word' id='word_1_243' title='bbox 1379 1136 1440 1162; x_wconf 68' lang='lat' dir='ltr'>etc.</span> <span class='ocrx_word' id='word_1_244' title='bbox 1464 1140 1561 1173; x_wconf 83' lang='lat' dir='ltr'>per-</span> 
     </span>
     <span class='ocr_line' id='line_1_21' title="bbox 86 1173 1561 1223; baseline -0.003 -11"><span class='ocrx_word' id='word_1_245' title='bbox 86 1177 300 1223; x_wconf 76' lang='lat' dir='ltr'>ceperit,</span> <span class='ocrx_word' id='word_1_246' title='bbox 335 1175 571 1220; x_wconf 77' lang='lat' dir='ltr'>instruamus,</span> <span class='ocrx_word' id='word_1_247' title='bbox 615 1187 684 1221; x_wconf 84' lang='lat' dir='ltr'>qua</span> <span class='ocrx_word' id='word_1_248' title='bbox 713 1176 850 1210; x_wconf 82' lang='lat' dir='ltr'>ratione</span> <span class='ocrx_word' id='word_1_249' title='bbox 878 1183 940 1210; x_wconf 75' lang='lat' dir='ltr'>etc.</span> <span class='ocrx_word' id='word_1_250' title='bbox 982 1177 1050 1216; x_wconf 91' lang='grc'>10,</span> <span class='ocrx_word' id='word_1_251' title='bbox 1078 1177 1119 1217; x_wconf 91' lang='lat'>1,</span> <span class='ocrx_word' id='word_1_252' title='bbox 1149 1173 1183 1208; x_wconf 80' lang='lat'>4.</span> <span class='ocrx_word' id='word_1_253' title='bbox 1217 1175 1462 1219; x_wconf 82' lang='lat' dir='ltr'>qualecunque</span> <span class='ocrx_word' id='word_1_254' title='bbox 1495 1174 1561 1218; x_wconf 92' lang='lat' dir='ltr'>id,</span> 
     </span>
     <span class='ocr_line' id='line_1_22' title="bbox 89 1220 1562 1269; baseline -0.002 -11"><span class='ocrx_word' id='word_1_255' title='bbox 89 1224 206 1269; x_wconf 83' lang='lat' dir='ltr'>quod</span> <span class='ocrx_word' id='word_1_256' title='bbox 236 1223 422 1264; x_wconf 82' lang='lat' dir='ltr'>modo‚se</span> <span class='ocrx_word' id='word_1_257' title='bbox 450 1221 518 1267; x_wconf 83' lang='lat' dir='ltr'>ipsi</span> <span class='ocrx_word' id='word_1_258' title='bbox 543 1232 648 1266; x_wconf 88' lang='lat' dir='ltr'>posse</span> <span class='ocrx_word' id='word_1_259' title='bbox 688 1222 890 1256; x_wconf 83' lang='lat' dir='ltr'>desiderent</span> <span class='ocrx_word' id='word_1_260' title='bbox 924 1223 988 1263; x_wconf 88' lang='grc'>12,</span> <span class='ocrx_word' id='word_1_261' title='bbox 1024 1223 1084 1263; x_wconf 89' lang='grc'>10,</span> <span class='ocrx_word' id='word_1_262' title='bbox 1116 1221 1173 1255; x_wconf 80' lang='lat'>75.</span> <span class='ocrx_word' id='word_1_263' title='bbox 1206 1231 1275 1262; x_wconf 84' lang='lat' dir='ltr'>ne,</span> <span class='ocrx_word' id='word_1_264' title='bbox 1311 1222 1429 1264; x_wconf 85' lang='lat' dir='ltr'>quod</span> <span class='ocrx_word' id='word_1_265' title='bbox 1464 1220 1562 1255; x_wconf 80' lang='lat' dir='ltr'>simi—</span> 
     </span>
     <span class='ocr_line' id='line_1_23' title="bbox 88 1265 1563 1316; baseline -0.002 -12"><span class='ocrx_word' id='word_1_266' title='bbox 88 1268 247 1304; x_wconf 80' lang='lat' dir='ltr'>litudinis</span> <span class='ocrx_word' id='word_1_267' title='bbox 292 1268 404 1316; x_wconf 77' lang='lat' dir='ltr'>gratia</span> <span class='ocrx_word' id='word_1_268' title='bbox 446 1268 726 1310; x_wconf 76' lang='lat' dir='ltr'>ascivimus,</span> <span class='ocrx_word' id='word_1_269' title='bbox 765 1273 825 1301; x_wconf 87' lang='lat' dir='ltr'>aut</span> <span class='ocrx_word' id='word_1_270' title='bbox 858 1268 1044 1302; x_wconf 84' lang='lat' dir='ltr'>obscurum</span> <span class='ocrx_word' id='word_1_271' title='bbox 1080 1265 1145 1310; x_wconf 83' lang='lat' dir='ltr'>sit,</span> <span class='ocrx_word' id='word_1_272' title='bbox 1184 1272 1243 1300; x_wconf 86' lang='lat' dir='ltr'>aut</span> <span class='ocrx_word' id='word_1_273' title='bbox 1274 1265 1432 1312; x_wconf 81' lang='lat' dir='ltr'>ignotum</span> <span class='ocrx_word' id='word_1_274' title='bbox 1454 1268 1500 1310; x_wconf 88' lang='lat'>8,</span> <span class='ocrx_word' id='word_1_275' title='bbox 1528 1269 1563 1310; x_wconf 88' lang='grc'>3,</span> 
     </span>
    </p>
   </div>
   <div class='ocr_carea' id='block_1_7' title="bbox 6 1311 1560 1364">
    <p class='ocr_par' dir='ltr' id='par_1_8' title="bbox 6 1311 1560 1364">
     <span class='ocr_line' id='line_1_24' title="bbox 6 1311 1560 1364; baseline -0.003 -13"><span class='ocrx_word' id='word_1_276' title='bbox 6 1331 17 1346; x_wconf 84' lang='lat'>·.</span> <span class='ocrx_word' id='word_1_277' title='bbox 87 1318 148 1352; x_wconf 85' lang='lat'>73.</span> <span class='ocrx_word' id='word_1_278' title='bbox 172 1314 218 1355; x_wconf 68' lang='lat' dir='ltr'>cs.</span> <span class='ocrx_word' id='word_1_279' title='bbox 243 1316 300 1357; x_wconf 89' lang='grc'>10,</span> <span class='ocrx_word' id='word_1_280' title='bbox 327 1317 362 1357; x_wconf 87' lang='grc'>2,</span> <span class='ocrx_word' id='word_1_281' title='bbox 385 1314 443 1349; x_wconf 88' lang='grc'>26.</span> <span class='ocrx_word' id='word_1_282' title='bbox 464 1327 497 1349; x_wconf 77' lang='grc' dir='ltr'>υ.</span> <span class='ocrx_word' id='word_1_283' title='bbox 519 1315 576 1348; x_wconf 89' lang='lat' dir='ltr'>Is.</span> <span class='ocrx_word' id='word_1_284' title='bbox 596 1313 639 1347; x_wconf 90' lang='lat' dir='ltr'>id</span> <span class='ocrx_word' id='word_1_285' title='bbox 662 1314 804 1359; x_wconf 87' lang='lat' dir='ltr'>quidem</span> <span class='ocrx_word' id='word_1_286' title='bbox 828 1319 897 1355; x_wconf 76' lang='lat' dir='ltr'>est,</span> <span class='ocrx_word' id='word_1_287' title='bbox 923 1318 1119 1364; x_wconf 29' lang='lat' dir='ltr'>protpter</span> <span class='ocrx_word' id='word_1_288' title='bbox 1146 1312 1291 1356; x_wconf 81' lang='lat' dir='ltr'>quod,</span> <span class='ocrx_word' id='word_1_289' title='bbox 1316 1323 1398 1345; x_wconf 90' lang='lat' dir='ltr'>cum</span> <span class='ocrx_word' id='word_1_290' title='bbox 1421 1311 1560 1356; x_wconf 77' lang='lat' dir='ltr'>dicitur,</span> 
     </span>
    </p>
   </div>
   <div class='ocr_carea' id='block_1_8' title="bbox 0 2041 41 2346">
    <p class='ocr_par' dir='ltr' id='par_1_9' title="bbox 0 2031 41 2346">
     <span class='ocr_line' id='line_1_25' title="bbox 0 2106 12 2346; textangle 90"><span class='ocrx_word' id='word_1_291' title='bbox 3 2342 6 2346; x_wconf 90' lang='lat'><strong>.</strong></span> <span class='ocrx_word' id='word_1_292' title='bbox 0 2246 8 2274; x_wconf 60' lang='lat' dir='ltr'>„v</span> <span class='ocrx_word' id='word_1_293' title='bbox 0 2201 8 2211; x_wconf 55' lang='grc' dir='ltr'>Γ</span> <span class='ocrx_word' id='word_1_294' title='bbox 0 2106 12 2132; x_wconf 49' lang='lat' dir='ltr'>J,</span> 
     </span>
     <span class='ocr_line' id='line_1_26' title="bbox 0 2041 41 2342; textangle 90"><span class='ocrx_word' id='word_1_295' title='bbox 0 2260 37 2342; x_wconf 41' lang='lat'>“⁴23&#39;&#39;</span> <span class='ocrx_word' id='word_1_296' title='bbox 0 2179 41 2236; x_wconf 55' lang='lat'>&#39;³20⁴‘</span> <span class='ocrx_word' id='word_1_297' title='bbox 11 2041 15 2044; x_wconf 93' lang='lat'>&#39;</span> 
     </span>
    </p>
   </div>
   <div class='ocr_carea' id='block_1_9' title="bbox 88 1357 1562 1542">
    <p class='ocr_par' dir='ltr' id='par_1_10' title="bbox 88 1357 1562 1542">
     <span class='ocr_line' id='line_1_27' title="bbox 88 1357 1560 1406; baseline -0.002 -10"><span class='ocrx_word' id='word_1_298' title='bbox 88 1367 215 1406; x_wconf 69' lang='lat' dir='ltr'>tropus</span> <span class='ocrx_word' id='word_1_299' title='bbox 242 1366 296 1394; x_wconf 80' lang='lat' dir='ltr'>est</span> <span class='ocrx_word' id='word_1_300' title='bbox 317 1361 361 1403; x_wconf 85' lang='lat'>8,</span> <span class='ocrx_word' id='word_1_301' title='bbox 385 1360 426 1402; x_wconf 91' lang='grc'>6,</span> <span class='ocrx_word' id='word_1_302' title='bbox 447 1360 494 1395; x_wconf 86' lang='grc'>66</span> <span class='ocrx_word' id='word_1_303' title='bbox 517 1362 562 1394; x_wconf 90' lang='grc' dir='ltr'><strong>Ν.</strong></span> <span class='ocrx_word' id='word_1_304' title='bbox 599 1373 646 1393; x_wconf 86' lang='lat' dir='ltr'>cr.</span> <span class='ocrx_word' id='word_1_305' title='bbox 671 1360 722 1393; x_wconf 89' lang='lat' dir='ltr'>ab</span> <span class='ocrx_word' id='word_1_306' title='bbox 746 1370 823 1402; x_wconf 89' lang='lat' dir='ltr'>eo,</span> <span class='ocrx_word' id='word_1_307' title='bbox 853 1366 939 1403; x_wconf 85' lang='lat' dir='ltr'>quo</span> <span class='ocrx_word' id='word_1_308' title='bbox 970 1358 1114 1392; x_wconf 82' lang='lat' dir='ltr'>minime</span> <span class='ocrx_word' id='word_1_309' title='bbox 1137 1357 1293 1402; x_wconf 84' lang='lat' dir='ltr'>oportuit</span> <span class='ocrx_word' id='word_1_310' title='bbox 1315 1359 1356 1401; x_wconf 90' lang='grc'>6,</span> <span class='ocrx_word' id='word_1_311' title='bbox 1385 1361 1420 1401; x_wconf 92' lang='grc'>1,</span> <span class='ocrx_word' id='word_1_312' title='bbox 1445 1359 1489 1393; x_wconf 90' lang='grc'>16</span> <span class='ocrx_word' id='word_1_313' title='bbox 1513 1360 1560 1393; x_wconf 78' lang='grc' dir='ltr'>Ν.</span> 
     </span>
     <span class='ocr_line' id='line_1_28' title="bbox 88 1404 1562 1450; baseline -0.003 -8"><span class='ocrx_word' id='word_1_314' title='bbox 88 1407 242 1442; x_wconf 78' lang='lat' dir='ltr'>omissos</span> <span class='ocrx_word' id='word_1_315' title='bbox 263 1407 359 1440; x_wconf 77' lang='lat' dir='ltr'>forle</span> <span class='ocrx_word' id='word_1_316' title='bbox 381 1404 586 1450; x_wconf 80' lang='lat' dir='ltr'>aliquos,</span> <span class='ocrx_word' id='word_1_317' title='bbox 617 1415 733 1450; x_wconf 86' lang='lat' dir='ltr'>quos</span> <span class='ocrx_word' id='word_1_318' title='bbox 755 1405 818 1439; x_wconf 87' lang='lat' dir='ltr'>ille</span> <span class='ocrx_word' id='word_1_319' title='bbox 840 1406 947 1439; x_wconf 80' lang='lat' dir='ltr'>valde</span> <span class='ocrx_word' id='word_1_320' title='bbox 969 1405 1096 1448; x_wconf 84' lang='lat' dir='ltr'>probet</span> <span class='ocrx_word' id='word_1_321' title='bbox 1120 1407 1175 1446; x_wconf 92' lang='grc'>10,</span> <span class='ocrx_word' id='word_1_322' title='bbox 1201 1408 1235 1446; x_wconf 90' lang='grc'>1,</span> <span class='ocrx_word' id='word_1_323' title='bbox 1253 1404 1310 1438; x_wconf 83' lang='lat'>45.</span> <span class='ocrx_word' id='word_1_324' title='bbox 1337 1405 1562 1448; x_wconf 78' lang='lat' dir='ltr'>quaedam</span> 
     </span>
     <span class='ocr_line' id='line_1_29' title="bbox 89 1450 1562 1496; baseline -0.003 -8"><span class='ocrx_word' id='word_1_325' title='bbox 89 1453 212 1495; x_wconf 72' lang='lat' dir='ltr'>etiam,</span> <span class='ocrx_word' id='word_1_326' title='bbox 235 1462 348 1496; x_wconf 84' lang='lat' dir='ltr'>quae</span> <span class='ocrx_word' id='word_1_327' title='bbox 374 1452 526 1496; x_wconf 87' lang='lat' dir='ltr'>probare</span> <span class='ocrx_word' id='word_1_328' title='bbox 549 1461 637 1485; x_wconf 91' lang='lat' dir='ltr'>non</span> <span class='ocrx_word' id='word_1_329' title='bbox 660 1451 776 1495; x_wconf 83' lang='lat' dir='ltr'>possis</span> <span class='ocrx_word' id='word_1_330' title='bbox 798 1452 834 1493; x_wconf 86' lang='lat'>9,</span> <span class='ocrx_word' id='word_1_331' title='bbox 855 1453 890 1493; x_wconf 88' lang='grc'>2,</span> <span class='ocrx_word' id='word_1_332' title='bbox 913 1451 971 1485; x_wconf 89' lang='grc'>75.</span> <span class='ocrx_word' id='word_1_333' title='bbox 994 1455 1198 1494; x_wconf 83' lang='lat' dir='ltr'>proponunt</span> <span class='ocrx_word' id='word_1_334' title='bbox 1224 1450 1365 1494; x_wconf 81' lang='lat' dir='ltr'>quidam</span> <span class='ocrx_word' id='word_1_335' title='bbox 1388 1451 1474 1484; x_wconf 86' lang='lat' dir='ltr'>tale</span> <span class='ocrx_word' id='word_1_336' title='bbox 1498 1462 1562 1496; x_wconf 87' lang='lat' dir='ltr'>ge-</span> 
     </span>
     <span class='ocr_line' id='line_1_30' title="bbox 89 1497 1562 1542; baseline -0.003 -9"><span class='ocrx_word' id='word_1_337' title='bbox 89 1509 157 1533; x_wconf 80' lang='lat' dir='ltr'>nus</span> <span class='ocrx_word' id='word_1_338' title='bbox 181 1497 523 1538; x_wconf 79' lang='lat' dir='ltr'>controversiarum,</span> <span class='ocrx_word' id='word_1_339' title='bbox 544 1497 591 1531; x_wconf 90' lang='lat' dir='ltr'>in</span> <span class='ocrx_word' id='word_1_340' title='bbox 615 1507 700 1541; x_wconf 83' lang='lat' dir='ltr'>quo</span> <span class='ocrx_word' id='word_1_341' title='bbox 727 1498 864 1530; x_wconf 89' lang='lat' dir='ltr'>nullum</span> <span class='ocrx_word' id='word_1_342' title='bbox 886 1504 1129 1542; x_wconf 74' lang='lat' dir='ltr'>argumentum</span> <span class='ocrx_word' id='word_1_343' title='bbox 1153 1501 1246 1537; x_wconf 85' lang='lat' dir='ltr'>est,</span> <span class='ocrx_word' id='word_1_344' title='bbox 1271 1497 1367 1539; x_wconf 83' lang='lat' dir='ltr'>quod</span> <span class='ocrx_word' id='word_1_345' title='bbox 1391 1504 1473 1538; x_wconf 62' lang='lat' dir='ltr'>etc„</span> <span class='ocrx_word' id='word_1_346' title='bbox 1497 1497 1562 1530; x_wconf 90' lang='lat' dir='ltr'>sed</span> 
     </span>
    </p>
   </div>
   <div class='ocr_carea' id='block_1_10' title="bbox 55 1541 1561 1587">
    <p class='ocr_par' dir='ltr' id='par_1_11' title="bbox 55 1541 1561 1587">
     <span class='ocr_line' id='line_1_31' title="bbox 55 1541 1561 1587; baseline 0 -11"><span class='ocrx_word' id='word_1_347' title='bbox 55 1571 58 1576; x_wconf 86' lang='lat'><em>.</em></span> <span class='ocrx_word' id='word_1_348' title='bbox 91 1545 137 1578; x_wconf 89' lang='lat' dir='ltr'>de</span> <span class='ocrx_word' id='word_1_349' title='bbox 161 1554 211 1578; x_wconf 89' lang='lat' dir='ltr'>eo</span> <span class='ocrx_word' id='word_1_350' title='bbox 232 1549 384 1584; x_wconf 81' lang='lat' dir='ltr'>tantum,</span> <span class='ocrx_word' id='word_1_351' title='bbox 408 1544 453 1577; x_wconf 88' lang='lat' dir='ltr'>de</span> <span class='ocrx_word' id='word_1_352' title='bbox 480 1553 567 1586; x_wconf 83' lang='lat' dir='ltr'>quo</span> <span class='ocrx_word' id='word_1_353' title='bbox 590 1542 634 1576; x_wconf 89' lang='lat' dir='ltr'>lis</span> <span class='ocrx_word' id='word_1_354' title='bbox 658 1548 730 1585; x_wconf 86' lang='lat' dir='ltr'>est,</span> <span class='ocrx_word' id='word_1_355' title='bbox 755 1544 995 1587; x_wconf 79' lang='lat' dir='ltr'>quaerendum</span> <span class='ocrx_word' id='word_1_356' title='bbox 1021 1541 1082 1576; x_wconf 85' lang='lat' dir='ltr'>sit</span> <span class='ocrx_word' id='word_1_357' title='bbox 1103 1545 1138 1584; x_wconf 93' lang='grc'>7,</span> <span class='ocrx_word' id='word_1_358' title='bbox 1164 1542 1199 1583; x_wconf 89' lang='grc'>6,</span> <span class='ocrx_word' id='word_1_359' title='bbox 1221 1541 1264 1583; x_wconf 83' lang='grc'>6;</span> <span class='ocrx_word' id='word_1_360' title='bbox 1298 1543 1415 1585; x_wconf 83' lang='lat' dir='ltr'>quod</span> <span class='ocrx_word' id='word_1_361' title='bbox 1441 1542 1486 1575; x_wconf 89' lang='lat' dir='ltr'>de</span> <span class='ocrx_word' id='word_1_362' title='bbox 1507 1553 1561 1585; x_wconf 89' lang='lat' dir='ltr'>re,</span> 
     </span>
    </p>
   </div>
   <div class='ocr_carea' id='block_1_11' title="bbox 92 1586 1566 1866">
    <p class='ocr_par' dir='ltr' id='par_1_12' title="bbox 92 1586 1566 1866">
     <span class='ocr_line' id='line_1_32' title="bbox 92 1586 1562 1632; baseline -0.001 -10"><span class='ocrx_word' id='word_1_363' title='bbox 92 1589 212 1622; x_wconf 83' lang='lat' dir='ltr'>idem</span> <span class='ocrx_word' id='word_1_364' title='bbox 233 1589 279 1620; x_wconf 88' lang='lat' dir='ltr'>de</span> <span class='ocrx_word' id='word_1_365' title='bbox 299 1588 431 1630; x_wconf 81' lang='lat' dir='ltr'>judicio</span> <span class='ocrx_word' id='word_1_366' title='bbox 452 1590 505 1621; x_wconf 87' lang='lat' dir='ltr'>rei</span> <span class='ocrx_word' id='word_1_367' title='bbox 529 1588 650 1631; x_wconf 79' lang='lat' dir='ltr'>quaeri</span> <span class='ocrx_word' id='word_1_368' title='bbox 671 1593 789 1631; x_wconf 83' lang='lat' dir='ltr'>potest</span> <span class='ocrx_word' id='word_1_369' title='bbox 816 1590 874 1629; x_wconf 90' lang='lat'>10,</span> <span class='ocrx_word' id='word_1_370' title='bbox 897 1590 930 1628; x_wconf 85' lang='lat'>5,</span> <span class='ocrx_word' id='word_1_371' title='bbox 955 1591 1010 1620; x_wconf 79' lang='lat'><strong>12.</strong></span> <span class='ocrx_word' id='word_1_372' title='bbox 1030 1597 1123 1630; x_wconf 85' lang='lat' dir='ltr'>quae</span> <span class='ocrx_word' id='word_1_373' title='bbox 1146 1592 1227 1620; x_wconf 85' lang='lat' dir='ltr'>sunt</span> <span class='ocrx_word' id='word_1_374' title='bbox 1248 1586 1388 1632; x_wconf 87' lang='lat' dir='ltr'>generis</span> <span class='ocrx_word' id='word_1_375' title='bbox 1411 1598 1432 1620; x_wconf 93' lang='lat' dir='ltr'>e</span> <span class='ocrx_word' id='word_1_376' title='bbox 1439 1587 1562 1630; x_wconf 66' lang='lat' dir='ltr'>jusd„</span> 
     </span>
     <span class='ocr_line' id='line_1_33' title="bbox 95 1631 1561 1678; baseline 0 -12"><span class='ocrx_word' id='word_1_377' title='bbox 95 1643 184 1678; x_wconf 86' lang='lat' dir='ltr'>quo</span> <span class='ocrx_word' id='word_1_378' title='bbox 205 1632 353 1666; x_wconf 86' lang='lat' dir='ltr'>ridicula</span> <span class='ocrx_word' id='word_1_379' title='bbox 376 1632 557 1675; x_wconf 82' lang='lat' dir='ltr'>dicuntur,</span> <span class='ocrx_word' id='word_1_380' title='bbox 582 1638 617 1666; x_wconf 86' lang='lat' dir='ltr'>et</span> <span class='ocrx_word' id='word_1_381' title='bbox 639 1638 757 1666; x_wconf 82' lang='lat' dir='ltr'>tamen</span> <span class='ocrx_word' id='word_1_382' title='bbox 779 1642 855 1665; x_wconf 87' lang='lat' dir='ltr'>non</span> <span class='ocrx_word' id='word_1_383' title='bbox 876 1637 958 1665; x_wconf 84' lang='lat' dir='ltr'>sunt</span> <span class='ocrx_word' id='word_1_384' title='bbox 979 1632 1014 1670; x_wconf 83' lang='lat'>6,</span> <span class='ocrx_word' id='word_1_385' title='bbox 1036 1634 1071 1674; x_wconf 88' lang='grc'>3,</span> <span class='ocrx_word' id='word_1_386' title='bbox 1099 1634 1166 1665; x_wconf 90' lang='grc'>110</span> <span class='ocrx_word' id='word_1_387' title='bbox 1192 1632 1238 1664; x_wconf 89' lang='grc' dir='ltr'>Ν.</span> <span class='ocrx_word' id='word_1_388' title='bbox 1260 1642 1339 1666; x_wconf 81' lang='lat' dir='ltr'>non</span> <span class='ocrx_word' id='word_1_389' title='bbox 1364 1631 1484 1666; x_wconf 89' lang='lat' dir='ltr'>idem</span> <span class='ocrx_word' id='word_1_390' title='bbox 1507 1645 1561 1677; x_wconf 87' lang='lat' dir='ltr'>ap.</span> 
     </span>
     <span class='ocr_line' id='line_1_34' title="bbox 93 1675 1562 1726; baseline -0.001 -13"><span class='ocrx_word' id='word_1_391' title='bbox 93 1688 222 1726; x_wconf 80' lang='lat' dir='ltr'>graves</span> <span class='ocrx_word' id='word_1_392' title='bbox 250 1677 351 1712; x_wconf 79' lang='lat' dir='ltr'>viros</span> <span class='ocrx_word' id='word_1_393' title='bbox 379 1678 497 1720; x_wconf 87' lang='lat' dir='ltr'>quod</span> <span class='ocrx_word' id='word_1_394' title='bbox 524 1678 679 1711; x_wconf 83' lang='lat' dir='ltr'>leviores</span> <span class='ocrx_word' id='word_1_395' title='bbox 712 1678 815 1710; x_wconf 79' lang='lat' dir='ltr'>decet</span> <span class='ocrx_word' id='word_1_396' title='bbox 838 1679 899 1718; x_wconf 90' lang='lat'>11,</span> <span class='ocrx_word' id='word_1_397' title='bbox 924 1680 967 1719; x_wconf 91' lang='lat'>1,</span> <span class='ocrx_word' id='word_1_398' title='bbox 990 1675 1047 1710; x_wconf 85' lang='grc'>45.</span> <span class='ocrx_word' id='word_1_399' title='bbox 1083 1689 1116 1709; x_wconf 83' lang='lat' dir='ltr'>v.</span> <span class='ocrx_word' id='word_1_400' title='bbox 1145 1678 1285 1718; x_wconf 82' lang='lat' dir='ltr'>Idem3</span> <span class='ocrx_word' id='word_1_401' title='bbox 1324 1682 1365 1710; x_wconf 85' lang='lat' dir='ltr'>ut</span> <span class='ocrx_word' id='word_1_402' title='bbox 1396 1678 1562 1721; x_wconf 84' lang='lat' dir='ltr'>omnia,</span> 
     </span>
     <span class='ocr_line' id='line_1_35' title="bbox 93 1721 1564 1769; baseline 0 -11"><span class='ocrx_word' id='word_1_403' title='bbox 93 1730 209 1769; x_wconf 78' lang='lat' dir='ltr'>quae</span> <span class='ocrx_word' id='word_1_404' title='bbox 239 1722 518 1766; x_wconf 88' lang='lat' dir='ltr'>impedient,</span> <span class='ocrx_word' id='word_1_405' title='bbox 552 1722 674 1757; x_wconf 78' lang='lat' dir='ltr'>vincat</span> <span class='ocrx_word' id='word_1_406' title='bbox 694 1722 845 1756; x_wconf 81' lang='lat' dir='ltr'>intentio</span> <span class='ocrx_word' id='word_1_407' title='bbox 872 1724 938 1764; x_wconf 84' lang='lat'>10,</span> <span class='ocrx_word' id='word_1_408' title='bbox 961 1723 1001 1764; x_wconf 88' lang='grc'>3,</span> <span class='ocrx_word' id='word_1_409' title='bbox 1027 1723 1082 1756; x_wconf 85' lang='grc'>28.</span> <span class='ocrx_word' id='word_1_410' title='bbox 1130 1722 1169 1756; x_wconf 90' lang='lat' dir='ltr'>Si</span> <span class='ocrx_word' id='word_1_411' title='bbox 1193 1721 1324 1756; x_wconf 56' lang='lat' dir='ltr'>Caesar</span> <span class='ocrx_word' id='word_1_412' title='bbox 1346 1733 1394 1756; x_wconf 80' lang='lat' dir='ltr'>ex</span> <span class='ocrx_word' id='word_1_413' title='bbox 1421 1724 1564 1758; x_wconf 74' lang='lat' dir='ltr'>omni—</span> 
     </span>
     <span class='ocr_line' id='line_1_36' title="bbox 92 1766 1564 1812; baseline -0.003 -7"><span class='ocrx_word' id='word_1_414' title='bbox 92 1772 176 1805; x_wconf 84' lang='lat' dir='ltr'>bus</span> <span class='ocrx_word' id='word_1_415' title='bbox 197 1768 416 1810; x_wconf 80' lang='lat' dir='ltr'>mortalibus,</span> <span class='ocrx_word' id='word_1_416' title='bbox 441 1768 523 1811; x_wconf 90' lang='lat' dir='ltr'>qui</span> <span class='ocrx_word' id='word_1_417' title='bbox 548 1773 660 1802; x_wconf 80' lang='lat' dir='ltr'>sunt</span> <span class='ocrx_word' id='word_1_418' title='bbox 686 1779 728 1801; x_wconf 87' lang='lat' dir='ltr'>ac</span> <span class='ocrx_word' id='word_1_419' title='bbox 751 1768 770 1800; x_wconf 86' lang='lat' dir='ltr'><strong>f</strong></span> <span class='ocrx_word' id='word_1_420' title='bbox 777 1779 828 1802; x_wconf 89' lang='lat' dir='ltr'>ue</span> <span class='ocrx_word' id='word_1_421' title='bbox 839 1773 942 1801; x_wconf 90' lang='lat' dir='ltr'>runt</span> <span class='ocrx_word' id='word_1_422' title='bbox 967 1766 1015 1810; x_wconf 81' lang='lat' dir='ltr'>(a.</span> <span class='ocrx_word' id='word_1_423' title='bbox 1038 1771 1059 1800; x_wconf 83' lang='lat'><strong>1.</strong></span> <span class='ocrx_word' id='word_1_424' title='bbox 1084 1766 1152 1800; x_wconf 83' lang='lat' dir='ltr'>sint</span> <span class='ocrx_word' id='word_1_425' title='bbox 1179 1779 1221 1801; x_wconf 89' lang='lat' dir='ltr'>ac</span> <span class='ocrx_word' id='word_1_426' title='bbox 1243 1767 1415 1811; x_wconf 84' lang='lat' dir='ltr'>fuerint),</span> <span class='ocrx_word' id='word_1_427' title='bbox 1442 1775 1564 1812; x_wconf 83' lang='lat' dir='ltr'>posset</span> 
     </span>
     <span class='ocr_line' id='line_1_37' title="bbox 94 1811 1566 1866; baseline 0 -16"><span class='ocrx_word' id='word_1_428' title='bbox 94 1815 179 1850; x_wconf 88' lang='lat' dir='ltr'>huic</span> <span class='ocrx_word' id='word_1_429' title='bbox 203 1825 328 1848; x_wconf 82' lang='lat' dir='ltr'>causae</span> <span class='ocrx_word' id='word_1_430' title='bbox 353 1813 568 1856; x_wconf 83' lang='lat' dir='ltr'>disceptator</span> <span class='ocrx_word' id='word_1_431' title='bbox 594 1813 665 1860; x_wconf 83' lang='lat' dir='ltr'>legi</span> <span class='ocrx_word' id='word_1_432' title='bbox 685 1815 804 1865; x_wconf 49' lang='lat' dir='ltr'>&lt;isim</span> <span class='ocrx_word' id='word_1_433' title='bbox 829 1814 868 1855; x_wconf 88' lang='lat'>9,</span> <span class='ocrx_word' id='word_1_434' title='bbox 890 1811 934 1856; x_wconf 85' lang='lat'>4,</span> <span class='ocrx_word' id='word_1_435' title='bbox 962 1815 1038 1847; x_wconf 74' lang='grc'><strong>132.</strong></span> <span class='ocrx_word' id='word_1_436' title='bbox 1068 1822 1222 1866; x_wconf 71' lang='lat' dir='ltr'>omnes</span> <span class='ocrx_word' id='word_1_437' title='bbox 1246 1813 1299 1857; x_wconf 88' lang='lat' dir='ltr'>ii,</span> <span class='ocrx_word' id='word_1_438' title='bbox 1322 1814 1398 1858; x_wconf 86' lang='lat' dir='ltr'>qui</span> <span class='ocrx_word' id='word_1_439' title='bbox 1420 1814 1459 1849; x_wconf 85' lang='lat' dir='ltr'>in</span> <span class='ocrx_word' id='word_1_440' title='bbox 1481 1816 1566 1850; x_wconf 82' lang='lat' dir='ltr'>bre-</span> 
     </span>
    </p>
   </div>
   <div class='ocr_carea' id='block_1_12' title="bbox 38 1859 752 1898">
    <p class='ocr_par' dir='ltr' id='par_1_13' title="bbox 38 1859 752 1898">
     <span class='ocr_line' id='line_1_38' title="bbox 38 1859 752 1898; baseline -0.008 0"><span class='ocrx_word' id='word_1_441' title='bbox 38 1875 43 1881; x_wconf 62' lang='lat'><em>*</em></span> <span class='ocrx_word' id='word_1_442' title='bbox 93 1873 160 1898; x_wconf 79' lang='lat' dir='ltr'>ves</span> <span class='ocrx_word' id='word_1_443' title='bbox 180 1860 349 1894; x_wconf 76' lang='lat' dir='ltr'>excidunt</span> <span class='ocrx_word' id='word_1_444' title='bbox 369 1861 414 1893; x_wconf 82' lang='lat' dir='ltr'>ib.</span> <span class='ocrx_word' id='word_1_445' title='bbox 442 1859 508 1893; x_wconf 88' lang='lat'>106</span> <span class='ocrx_word' id='word_1_446' title='bbox 529 1871 561 1892; x_wconf 85' lang='lat' dir='ltr'>v.</span> <span class='ocrx_word' id='word_1_447' title='bbox 587 1859 752 1893; x_wconf 84' lang='lat' dir='ltr'>Omms.</span> 
     </span>
    </p>
   </div>
   <div class='ocr_carea' id='block_1_13' title="bbox 95 1904 1590 2132">
    <p class='ocr_par' dir='ltr' id='par_1_14' title="bbox 95 1904 1590 2132">
     <span class='ocr_line' id='line_1_39' title="bbox 141 1904 1562 1952; baseline 0.001 -13"><span class='ocrx_word' id='word_1_448' title='bbox 141 1907 177 1952; x_wconf 81' lang='lat' dir='ltr'>y)</span> <span class='ocrx_word' id='word_1_449' title='bbox 196 1913 348 1950; x_wconf 73' lang='lat' dir='ltr'>sequente</span> <span class='ocrx_word' id='word_1_450' title='bbox 361 1907 460 1938; x_wconf 84' lang='lat' dir='ltr'>Pron.</span> <span class='ocrx_word' id='word_1_451' title='bbox 482 1908 535 1937; x_wconf 82' lang='lat' dir='ltr'>vel</span> <span class='ocrx_word' id='word_1_452' title='bbox 550 1905 654 1946; x_wconf 53' lang='lat' dir='ltr'>Adfi:</span> <span class='ocrx_word' id='word_1_453' title='bbox 677 1915 766 1948; x_wconf 87' lang='lat' dir='ltr'>quo</span> <span class='ocrx_word' id='word_1_454' title='bbox 779 1905 801 1937; x_wconf 91' lang='lat' dir='ltr'>d</span> <span class='ocrx_word' id='word_1_455' title='bbox 827 1904 946 1938; x_wconf 87' lang='lat' dir='ltr'>idem</span> <span class='ocrx_word' id='word_1_456' title='bbox 971 1910 1095 1939; x_wconf 85' lang='lat' dir='ltr'>contra</span> <span class='ocrx_word' id='word_1_457' title='bbox 1111 1907 1205 1941; x_wconf 81' lang='lat' dir='ltr'>valet</span> <span class='ocrx_word' id='word_1_458' title='bbox 1216 1905 1250 1947; x_wconf 83' lang='lat'>9,</span> <span class='ocrx_word' id='word_1_459' title='bbox 1265 1908 1300 1949; x_wconf 87' lang='grc'>2,</span> <span class='ocrx_word' id='word_1_460' title='bbox 1314 1905 1360 1941; x_wconf 86' lang='grc'>49</span> <span class='ocrx_word' id='word_1_461' title='bbox 1378 1918 1410 1940; x_wconf 80' lang='lat' dir='ltr'>v.</span> <span class='ocrx_word' id='word_1_462' title='bbox 1430 1907 1562 1940; x_wconf 88' lang='lat' dir='ltr'>Idem.</span> 
     </span>
     <span class='ocr_line' id='line_1_40' title="bbox 95 1950 1565 1997; baseline 0 -11"><span class='ocrx_word' id='word_1_463' title='bbox 95 1952 219 1997; x_wconf 84' lang='lat' dir='ltr'>quod</span> <span class='ocrx_word' id='word_1_464' title='bbox 241 1957 360 1984; x_wconf 87' lang='lat' dir='ltr'>tamen</span> <span class='ocrx_word' id='word_1_465' title='bbox 384 1950 531 1993; x_wconf 87' lang='lat' dir='ltr'>ipsum</span> <span class='ocrx_word' id='word_1_466' title='bbox 556 1960 630 1983; x_wconf 92' lang='lat' dir='ltr'>non</span> <span class='ocrx_word' id='word_1_467' title='bbox 657 1955 727 1983; x_wconf 83' lang='lat' dir='ltr'>tam</span> <span class='ocrx_word' id='word_1_468' title='bbox 754 1950 935 1994; x_wconf 84' lang='lat' dir='ltr'>probabile</span> <span class='ocrx_word' id='word_1_469' title='bbox 958 1957 1044 1994; x_wconf 89' lang='lat' dir='ltr'>puto</span> <span class='ocrx_word' id='word_1_470' title='bbox 1070 1954 1134 1994; x_wconf 89' lang='lat'>10,</span> <span class='ocrx_word' id='word_1_471' title='bbox 1159 1955 1202 1992; x_wconf 88' lang='lat'>7,</span> <span class='ocrx_word' id='word_1_472' title='bbox 1228 1953 1283 1987; x_wconf 87' lang='lat'>19.</span> <span class='ocrx_word' id='word_1_473' title='bbox 1316 1951 1359 1993; x_wconf 88' lang='lat' dir='ltr'>cf.</span> <span class='ocrx_word' id='word_1_474' title='bbox 1385 1955 1428 1994; x_wconf 93' lang='grc'>7,</span> <span class='ocrx_word' id='word_1_475' title='bbox 1452 1955 1496 1995; x_wconf 92' lang='grc'>2,</span> <span class='ocrx_word' id='word_1_476' title='bbox 1519 1952 1565 1986; x_wconf 86' lang='grc'>24</span> 
     </span>
     <span class='ocr_line' id='line_1_41' title="bbox 96 1995 1566 2042; baseline 0 -11"><span class='ocrx_word' id='word_1_477' title='bbox 96 2011 129 2032; x_wconf 79' lang='lat' dir='ltr'>v.</span> <span class='ocrx_word' id='word_1_478' title='bbox 158 1999 271 2042; x_wconf 88' lang='lat' dir='ltr'>Ipse.</span> <span class='ocrx_word' id='word_1_479' title='bbox 298 2007 416 2041; x_wconf 82' lang='lat' dir='ltr'>quae</span> <span class='ocrx_word' id='word_1_480' title='bbox 436 1996 601 2029; x_wconf 90' lang='lat' dir='ltr'>dicuntur</span> <span class='ocrx_word' id='word_1_481' title='bbox 623 1995 769 2029; x_wconf 90' lang='lat' dir='ltr'>omnia</span> <span class='ocrx_word' id='word_1_482' title='bbox 792 1998 848 2039; x_wconf 89' lang='lat'>10,</span> <span class='ocrx_word' id='word_1_483' title='bbox 866 1999 900 2039; x_wconf 86' lang='lat'>1,</span> <span class='ocrx_word' id='word_1_484' title='bbox 919 1999 997 2031; x_wconf 91' lang='grc'><strong>101.</strong></span> <span class='ocrx_word' id='word_1_485' title='bbox 1027 1998 1144 2041; x_wconf 88' lang='lat' dir='ltr'>quod</span> <span class='ocrx_word' id='word_1_486' title='bbox 1167 2003 1416 2041; x_wconf 82' lang='lat' dir='ltr'>utrumque</span> <span class='ocrx_word' id='word_1_487' title='bbox 1441 2008 1566 2031; x_wconf 86' lang='lat' dir='ltr'>exem-</span> 
     </span>
     <span class='ocr_line' id='line_1_42' title="bbox 96 2042 1566 2087; baseline 0.001 -11"><span class='ocrx_word' id='word_1_488' title='bbox 96 2045 195 2087; x_wconf 81' lang='lat' dir='ltr'>plum</span> <span class='ocrx_word' id='word_1_489' title='bbox 217 2045 250 2084; x_wconf 83' lang='grc'>5,</span> <span class='ocrx_word' id='word_1_490' title='bbox 279 2045 346 2084; x_wconf 92' lang='grc'>10,</span> <span class='ocrx_word' id='word_1_491' title='bbox 370 2045 427 2076; x_wconf 94' lang='grc'>77.</span> <span class='ocrx_word' id='word_1_492' title='bbox 474 2042 672 2086; x_wconf 86' lang='lat' dir='ltr'>Quarum</span> <span class='ocrx_word' id='word_1_493' title='bbox 699 2042 757 2084; x_wconf 84' lang='grc' dir='ltr'>(α.</span> <span class='ocrx_word' id='word_1_494' title='bbox 779 2045 801 2074; x_wconf 83' lang='lat'>1.</span> <span class='ocrx_word' id='word_1_495' title='bbox 829 2043 995 2086; x_wconf 84' lang='lat' dir='ltr'>quorum)</span> <span class='ocrx_word' id='word_1_496' title='bbox 1017 2049 1221 2087; x_wconf 81' lang='lat' dir='ltr'>utraque</span> <span class='ocrx_word' id='word_1_497' title='bbox 1244 2044 1430 2082; x_wconf 72' lang='lat' dir='ltr'>manifesta</span> <span class='ocrx_word' id='word_1_498' title='bbox 1454 2043 1566 2078; x_wconf 78' lang='lat' dir='ltr'>cavil-</span> 
     </span>
     <span class='ocr_line' id='line_1_43' title="bbox 95 2087 1590 2132; baseline 0 -9"><span class='ocrx_word' id='word_1_499' title='bbox 95 2089 182 2123; x_wconf 76' lang='lat' dir='ltr'>latio</span> <span class='ocrx_word' id='word_1_500' title='bbox 204 2093 258 2122; x_wconf 81' lang='lat' dir='ltr'>est</span> <span class='ocrx_word' id='word_1_501' title='bbox 280 2089 317 2128; x_wconf 89' lang='lat'>9,</span> <span class='ocrx_word' id='word_1_502' title='bbox 341 2091 374 2130; x_wconf 88' lang='lat'>1,</span> <span class='ocrx_word' id='word_1_503' title='bbox 399 2087 442 2122; x_wconf 85' lang='lat'><strong>15</strong></span> <span class='ocrx_word' id='word_1_504' title='bbox 466 2089 512 2121; x_wconf 89' lang='grc' dir='ltr'>Ν.</span> <span class='ocrx_word' id='word_1_505' title='bbox 536 2087 667 2120; x_wconf 89' lang='lat' dir='ltr'>salibus</span> <span class='ocrx_word' id='word_1_506' title='bbox 691 2092 726 2120; x_wconf 86' lang='lat' dir='ltr'>et</span> <span class='ocrx_word' id='word_1_507' title='bbox 749 2087 1067 2131; x_wconf 80' lang='lat' dir='ltr'>commiseratione,</span> <span class='ocrx_word' id='word_1_508' title='bbox 1092 2089 1167 2132; x_wconf 86' lang='lat' dir='ltr'>qui</span> <span class='ocrx_word' id='word_1_509' title='bbox 1192 2089 1279 2122; x_wconf 92' lang='lat' dir='ltr'>duo</span> <span class='ocrx_word' id='word_1_510' title='bbox 1302 2089 1491 2132; x_wconf 85' lang='lat' dir='ltr'>plurimum</span> <span class='ocrx_word' id='word_1_511' title='bbox 1514 2090 1568 2123; x_wconf 51' lang='lat' dir='ltr'>af*</span> <span class='ocrx_word' id='word_1_512' title='bbox 1587 2103 1590 2105; x_wconf 53' lang='grc'><strong>’</strong></span> 
     </span>
    </p>
   </div>
   <div class='ocr_carea' id='block_1_14' title="bbox 56 2131 1521 2178">
    <p class='ocr_par' dir='ltr' id='par_1_15' title="bbox 56 2131 1521 2178">
     <span class='ocr_line' id='line_1_44' title="bbox 56 2131 1521 2178; baseline -0.001 -9"><span class='ocrx_word' id='word_1_513' title='bbox 56 2158 61 2161; x_wconf 74' lang='lat'><em>-</em></span> <span class='ocrx_word' id='word_1_514' title='bbox 96 2135 213 2169; x_wconf 81' lang='lat' dir='ltr'>fectus</span> <span class='ocrx_word' id='word_1_515' title='bbox 236 2132 290 2177; x_wconf 83' lang='lat' dir='ltr'>(a.</span> <span class='ocrx_word' id='word_1_516' title='bbox 316 2137 338 2166; x_wconf 87' lang='lat' dir='ltr'>l.</span> <span class='ocrx_word' id='word_1_517' title='bbox 366 2144 457 2177; x_wconf 85' lang='lat' dir='ltr'>quae</span> <span class='ocrx_word' id='word_1_518' title='bbox 478 2150 516 2157; x_wconf 92' lang='lat'>—</span> <span class='ocrx_word' id='word_1_519' title='bbox 541 2132 579 2166; x_wconf 87' lang='lat' dir='ltr'>in</span> <span class='ocrx_word' id='word_1_520' title='bbox 602 2131 799 2175; x_wconf 82' lang='lat' dir='ltr'>affectibus)</span> <span class='ocrx_word' id='word_1_521' title='bbox 820 2135 942 2167; x_wconf 79' lang='lat' dir='ltr'>valent</span> <span class='ocrx_word' id='word_1_522' title='bbox 966 2136 1022 2176; x_wconf 90' lang='grc'>10,</span> <span class='ocrx_word' id='word_1_523' title='bbox 1049 2137 1081 2176; x_wconf 89' lang='grc'>1,</span> <span class='ocrx_word' id='word_1_524' title='bbox 1110 2136 1188 2168; x_wconf 90' lang='grc'><strong>107.</strong></span> <span class='ocrx_word' id='word_1_525' title='bbox 1230 2146 1261 2166; x_wconf 89' lang='lat' dir='ltr'>v.</span> <span class='ocrx_word' id='word_1_526' title='bbox 1292 2134 1521 2178; x_wconf 81' lang='lat' dir='ltr'>Quisque.</span> 
     </span>
    </p>
   </div>
   <div class='ocr_carea' id='block_1_15' title="bbox 98 2176 1567 2404">
    <p class='ocr_par' dir='ltr' id='par_1_16' title="bbox 98 2176 1567 2404">
     <span class='ocr_line' id='line_1_45' title="bbox 146 2176 1566 2224; baseline 0.001 -11"><span class='ocrx_word' id='word_1_527' title='bbox 146 2176 186 2222; x_wconf 77' lang='grc' dir='ltr'>δ)</span> <span class='ocrx_word' id='word_1_528' title='bbox 212 2180 429 2213; x_wconf 77' lang='lat' dir='ltr'>Neutrum</span> <span class='ocrx_word' id='word_1_529' title='bbox 455 2180 500 2211; x_wconf 74' lang='lat' dir='ltr'>acl</span> <span class='ocrx_word' id='word_1_530' title='bbox 522 2183 622 2222; x_wconf 85' lang='lat' dir='ltr'>plura</span> <span class='ocrx_word' id='word_1_531' title='bbox 644 2182 792 2211; x_wconf 70' lang='lat' dir='ltr'>relatum.</span> <span class='ocrx_word' id='word_1_532' title='bbox 840 2176 880 2220; x_wconf 83' lang='lat' dir='ltr'>a)</span> <span class='ocrx_word' id='word_1_533' title='bbox 908 2181 1031 2221; x_wconf 80' lang='lat' dir='ltr'>Singul.</span> <span class='ocrx_word' id='word_1_534' title='bbox 1046 2194 1057 2213; x_wconf 88' lang='lat'>.-</span> <span class='ocrx_word' id='word_1_535' title='bbox 1098 2179 1228 2224; x_wconf 83' lang='lat' dir='ltr'>Quod</span> <span class='ocrx_word' id='word_1_536' title='bbox 1252 2180 1420 2213; x_wconf 82' lang='lat' dir='ltr'>hactenus</span> <span class='ocrx_word' id='word_1_537' title='bbox 1444 2185 1566 2214; x_wconf 83' lang='lat' dir='ltr'>osten-</span> 
     </span>
     <span class='ocr_line' id='line_1_46' title="bbox 98 2222 1566 2269; baseline 0 -10"><span class='ocrx_word' id='word_1_538' title='bbox 98 2225 195 2259; x_wconf 80' lang='lat' dir='ltr'>disse</span> <span class='ocrx_word' id='word_1_539' title='bbox 214 2224 298 2258; x_wconf 73' lang='lat' dir='ltr'>satis</span> <span class='ocrx_word' id='word_1_540' title='bbox 322 2230 375 2258; x_wconf 85' lang='lat' dir='ltr'>est</span> <span class='ocrx_word' id='word_1_541' title='bbox 397 2225 438 2266; x_wconf 89' lang='lat'>6,</span> <span class='ocrx_word' id='word_1_542' title='bbox 466 2226 506 2267; x_wconf 90' lang='grc'>3,</span> <span class='ocrx_word' id='word_1_543' title='bbox 535 2224 592 2258; x_wconf 88' lang='grc'>62.</span> <span class='ocrx_word' id='word_1_544' title='bbox 627 2222 671 2264; x_wconf 82' lang='lat' dir='ltr'>cs.</span> <span class='ocrx_word' id='word_1_545' title='bbox 695 2226 751 2265; x_wconf 89' lang='lat'>11,</span> <span class='ocrx_word' id='word_1_546' title='bbox 775 2226 810 2263; x_wconf 87' lang='lat'>1,</span> <span class='ocrx_word' id='word_1_547' title='bbox 834 2224 891 2258; x_wconf 90' lang='grc'>90.</span> <span class='ocrx_word' id='word_1_548' title='bbox 923 2227 979 2266; x_wconf 89' lang='grc'>11,</span> <span class='ocrx_word' id='word_1_549' title='bbox 1004 2227 1037 2263; x_wconf 70' lang='grc'>3,</span> <span class='ocrx_word' id='word_1_550' title='bbox 1064 2226 1118 2259; x_wconf 88' lang='grc'>51.</span> <span class='ocrx_word' id='word_1_551' title='bbox 1151 2235 1290 2268; x_wconf 85' lang='lat' dir='ltr'>semper</span> <span class='ocrx_word' id='word_1_552' title='bbox 1312 2225 1436 2258; x_wconf 88' lang='lat' dir='ltr'>animis</span> <span class='ocrx_word' id='word_1_553' title='bbox 1461 2237 1566 2269; x_wconf 83' lang='lat' dir='ltr'>prae-</span> 
     </span>
     <span class='ocr_line' id='line_1_47' title="bbox 98 2268 1566 2315; baseline -0.001 -10"><span class='ocrx_word' id='word_1_554' title='bbox 98 2276 189 2313; x_wconf 80' lang='lat' dir='ltr'>stat,</span> <span class='ocrx_word' id='word_1_555' title='bbox 214 2271 262 2303; x_wconf 88' lang='lat' dir='ltr'>in</span> <span class='ocrx_word' id='word_1_556' title='bbox 288 2271 406 2314; x_wconf 84' lang='lat' dir='ltr'>quod</span> <span class='ocrx_word' id='word_1_557' title='bbox 436 2281 475 2303; x_wconf 88' lang='lat' dir='ltr'>se</span> <span class='ocrx_word' id='word_1_558' title='bbox 503 2271 603 2304; x_wconf 80' lang='lat' dir='ltr'>velut</span> <span class='ocrx_word' id='word_1_559' title='bbox 635 2279 771 2302; x_wconf 87' lang='lat' dir='ltr'>novum</span> <span class='ocrx_word' id='word_1_560' title='bbox 800 2268 982 2303; x_wconf 77' lang='lat' dir='ltr'>intendant</span> <span class='ocrx_word' id='word_1_561' title='bbox 1002 2271 1045 2311; x_wconf 89' lang='lat'>9,</span> <span class='ocrx_word' id='word_1_562' title='bbox 1071 2273 1116 2312; x_wconf 88' lang='grc'>2,</span> <span class='ocrx_word' id='word_1_563' title='bbox 1141 2271 1185 2304; x_wconf 87' lang='grc'>63</span> <span class='ocrx_word' id='word_1_564' title='bbox 1212 2271 1256 2303; x_wconf 89' lang='grc' dir='ltr'>Ν.</span> <span class='ocrx_word' id='word_1_565' title='bbox 1300 2282 1499 2315; x_wconf 82' lang='lat' dir='ltr'>quanquam</span> <span class='ocrx_word' id='word_1_566' title='bbox 1522 2271 1566 2315; x_wconf 89' lang='lat' dir='ltr'>is,</span> 
     </span>
     <span class='ocr_line' id='line_1_48' title="bbox 101 2313 1567 2360; baseline 0.001 -10"><span class='ocrx_word' id='word_1_567' title='bbox 101 2318 196 2360; x_wconf 86' lang='lat' dir='ltr'>quod</span> <span class='ocrx_word' id='word_1_568' title='bbox 216 2315 271 2349; x_wconf 87' lang='lat' dir='ltr'>his</span> <span class='ocrx_word' id='word_1_569' title='bbox 296 2315 464 2350; x_wconf 88' lang='lat' dir='ltr'>dissimile</span> <span class='ocrx_word' id='word_1_570' title='bbox 486 2326 559 2349; x_wconf 91' lang='lat' dir='ltr'>non</span> <span class='ocrx_word' id='word_1_571' title='bbox 584 2320 638 2348; x_wconf 89' lang='lat' dir='ltr'>est</span> <span class='ocrx_word' id='word_1_572' title='bbox 660 2316 743 2358; x_wconf 85' lang='lat' dir='ltr'>(Sp.</span> <span class='ocrx_word' id='word_1_573' title='bbox 771 2313 900 2357; x_wconf 80' lang='lat' dir='ltr'>esset),</span> <span class='ocrx_word' id='word_1_574' title='bbox 924 2315 1165 2358; x_wconf 84' lang='lat' dir='ltr'>composuisse</span> <span class='ocrx_word' id='word_1_575' title='bbox 1189 2314 1385 2350; x_wconf 80' lang='lat' dir='ltr'>orationem</span> <span class='ocrx_word' id='word_1_576' title='bbox 1409 2337 1454 2342; x_wconf 97' lang='lat'><strong>—</strong></span> <span class='ocrx_word' id='word_1_577' title='bbox 1479 2316 1567 2351; x_wconf 89' lang='lat' dir='ltr'>dici-</span> 
     </span>
     <span class='ocr_line' id='line_1_49' title="bbox 101 2360 1566 2404; baseline 0.001 -9"><span class='ocrx_word' id='word_1_578' title='bbox 101 2366 160 2395; x_wconf 85' lang='lat' dir='ltr'>tur</span> <span class='ocrx_word' id='word_1_579' title='bbox 180 2365 215 2403; x_wconf 83' lang='lat'>2,</span> <span class='ocrx_word' id='word_1_580' title='bbox 241 2364 296 2403; x_wconf 87' lang='lat'>17,</span> <span class='ocrx_word' id='word_1_581' title='bbox 320 2360 344 2394; x_wconf 84' lang='lat'>4</span> <span class='ocrx_word' id='word_1_582' title='bbox 364 2362 410 2395; x_wconf 88' lang='lat' dir='ltr'>N.</span> <span class='ocrx_word' id='word_1_583' title='bbox 434 2362 495 2395; x_wconf 88' lang='lat' dir='ltr'>sed</span> <span class='ocrx_word' id='word_1_584' title='bbox 520 2361 605 2404; x_wconf 85' lang='lat' dir='ltr'>quid</span> <span class='ocrx_word' id='word_1_585' title='bbox 628 2361 705 2394; x_wconf 86' lang='lat' dir='ltr'>fere</span> <span class='ocrx_word' id='word_1_586' title='bbox 730 2360 925 2402; x_wconf 86' lang='lat' dir='ltr'>accideret,</span> <span class='ocrx_word' id='word_1_587' title='bbox 953 2362 1072 2404; x_wconf 87' lang='lat' dir='ltr'>quod</span> <span class='ocrx_word' id='word_1_588' title='bbox 1094 2361 1131 2394; x_wconf 90' lang='lat' dir='ltr'>in</span> <span class='ocrx_word' id='word_1_589' title='bbox 1154 2362 1352 2404; x_wconf 83' lang='lat' dir='ltr'>praesentia</span> <span class='ocrx_word' id='word_1_590' title='bbox 1373 2362 1566 2397; x_wconf 83' lang='lat' dir='ltr'>videre-</span> 
     </span>
    </p>
   </div>
   <div class='ocr_carea' id='block_1_16' title="bbox 14 2405 1568 2497">
    <p class='ocr_par' dir='ltr' id='par_1_17' title="bbox 9 2385 1568 2497">
     <span class='ocr_line' id='line_1_50' title="bbox 14 2405 1568 2451; baseline 0.001 -9.997"><span class='ocrx_word' id='word_1_591' title='bbox 14 2413 35 2447; x_wconf 58' lang='grc' dir='ltr'>ἦ</span> <span class='ocrx_word' id='word_1_592' title='bbox 101 2411 170 2441; x_wconf 80' lang='lat' dir='ltr'>tur</span> <span class='ocrx_word' id='word_1_593' title='bbox 195 2406 378 2450; x_wconf 87' lang='lat' dir='ltr'>optimum,</span> <span class='ocrx_word' id='word_1_594' title='bbox 401 2408 540 2441; x_wconf 83' lang='lat' dir='ltr'>ostendi</span> <span class='ocrx_word' id='word_1_595' title='bbox 564 2408 599 2448; x_wconf 90' lang='lat'>9,</span> <span class='ocrx_word' id='word_1_596' title='bbox 623 2405 657 2448; x_wconf 84' lang='lat'>4,</span> <span class='ocrx_word' id='word_1_597' title='bbox 683 2407 750 2440; x_wconf 89' lang='lat'>109</span> <span class='ocrx_word' id='word_1_598' title='bbox 767 2407 810 2438; x_wconf 85' lang='lat' dir='ltr'>N.</span> <span class='ocrx_word' id='word_1_599' title='bbox 835 2405 929 2439; x_wconf 87' lang='lat' dir='ltr'>inter</span> <span class='ocrx_word' id='word_1_600' title='bbox 950 2406 1132 2449; x_wconf 87' lang='lat' dir='ltr'>plurimos,</span> <span class='ocrx_word' id='word_1_601' title='bbox 1157 2408 1275 2451; x_wconf 85' lang='lat' dir='ltr'>qnod</span> <span class='ocrx_word' id='word_1_602' title='bbox 1304 2407 1455 2451; x_wconf 87' lang='lat' dir='ltr'>sciam,</span> <span class='ocrx_word' id='word_1_603' title='bbox 1480 2419 1568 2442; x_wconf 79' lang='lat' dir='ltr'>con-</span> 
     </span>
     <span class='ocr_line' id='line_1_51' title="bbox 16 2450 1568 2497; baseline 0.001 -11"><span class='ocrx_word' id='word_1_604' title='bbox 16 2472 19 2476; x_wconf 36' lang='lat' dir='ltr'>v</span> <span class='ocrx_word' id='word_1_605' title='bbox 47 2490 49 2492; x_wconf 22' lang='lat'><strong><em>¹</em></strong></span> <span class='ocrx_word' id='word_1_606' title='bbox 99 2458 240 2486; x_wconf 73' lang='lat' dir='ltr'>sensum</span> <span class='ocrx_word' id='word_1_607' title='bbox 265 2458 318 2486; x_wconf 84' lang='lat' dir='ltr'>est</span> <span class='ocrx_word' id='word_1_608' title='bbox 339 2453 375 2494; x_wconf 88' lang='lat'>9,</span> <span class='ocrx_word' id='word_1_609' title='bbox 400 2455 432 2495; x_wconf 93' lang='lat'>1,</span> <span class='ocrx_word' id='word_1_610' title='bbox 458 2453 512 2486; x_wconf 89' lang='grc'>16.</span> <span class='ocrx_word' id='word_1_611' title='bbox 545 2451 604 2486; x_wconf 84' lang='lat' dir='ltr'>cui</span> <span class='ocrx_word' id='word_1_612' title='bbox 627 2462 699 2485; x_wconf 88' lang='lat' dir='ltr'>non</span> <span class='ocrx_word' id='word_1_613' title='bbox 721 2452 800 2494; x_wconf 90' lang='lat' dir='ltr'>plus</span> <span class='ocrx_word' id='word_1_614' title='bbox 822 2450 1047 2496; x_wconf 76' lang='lat' dir='ltr'>irrogandmu</span> <span class='ocrx_word' id='word_1_615' title='bbox 1075 2458 1148 2491; x_wconf 83' lang='lat' dir='ltr'>est,</span> <span class='ocrx_word' id='word_1_616' title='bbox 1175 2463 1284 2496; x_wconf 71' lang='lat' dir='ltr'>quam‘</span> <span class='ocrx_word' id='word_1_617' title='bbox 1301 2454 1420 2497; x_wconf 86' lang='lat' dir='ltr'>quod</span> <span class='ocrx_word' id='word_1_618' title='bbox 1442 2463 1568 2488; x_wconf 90' lang='lat' dir='ltr'>somno</span> 
     </span>
    </p>
   </div>
   <div class='ocr_carea' id='block_1_17' title="bbox 101 2496 1569 2588">
    <p class='ocr_par' dir='ltr' id='par_1_18' title="bbox 101 2496 1569 2588">
     <span class='ocr_line' id='line_1_52' title="bbox 101 2496 1569 2543; baseline 0.002 -12"><span class='ocrx_word' id='word_1_619' title='bbox 101 2497 293 2541; x_wconf 74' lang='lat' dir='ltr'>supererit,</span> <span class='ocrx_word' id='word_1_620' title='bbox 316 2498 412 2531; x_wconf 86' lang='lat' dir='ltr'>haud</span> <span class='ocrx_word' id='word_1_621' title='bbox 435 2497 547 2531; x_wconf 89' lang='lat' dir='ltr'>deerit</span> <span class='ocrx_word' id='word_1_622' title='bbox 571 2500 626 2540; x_wconf 93' lang='lat'>10,</span> <span class='ocrx_word' id='word_1_623' title='bbox 651 2499 685 2539; x_wconf 85' lang='grc'>3,</span> <span class='ocrx_word' id='word_1_624' title='bbox 710 2498 767 2530; x_wconf 87' lang='grc'>26.</span> <span class='ocrx_word' id='word_1_625' title='bbox 802 2496 839 2529; x_wconf 89' lang='lat' dir='ltr'>in</span> <span class='ocrx_word' id='word_1_626' title='bbox 861 2497 931 2530; x_wconf 89' lang='lat' dir='ltr'>hoc</span> <span class='ocrx_word' id='word_1_627' title='bbox 954 2503 1099 2541; x_wconf 85' lang='lat' dir='ltr'>quota</span> <span class='ocrx_word' id='word_1_628' title='bbox 1122 2509 1228 2541; x_wconf 86' lang='lat' dir='ltr'>pars</span> <span class='ocrx_word' id='word_1_629' title='bbox 1253 2499 1340 2542; x_wconf 68' lang='lat' dir='ltr'>erit,</span> <span class='ocrx_word' id='word_1_630' title='bbox 1365 2501 1483 2543; x_wconf 85' lang='lat' dir='ltr'>quod</span> <span class='ocrx_word' id='word_1_631' title='bbox 1510 2506 1569 2534; x_wconf 84' lang='lat' dir='ltr'>aut</span> 
     </span>
     <span class='ocr_line' id='line_1_53' title="bbox 103 2538 1566 2588; baseline 0.001 -11"><span class='ocrx_word' id='word_1_632' title='bbox 103 2538 311 2577; x_wconf 69' lang='lat' dir='ltr'>innocentes</span> <span class='ocrx_word' id='word_1_633' title='bbox 332 2542 505 2585; x_wconf 67' lang='lat' dir='ltr'>tuebitur,</span> <span class='ocrx_word' id='word_1_634' title='bbox 539 2549 598 2576; x_wconf 87' lang='lat' dir='ltr'>aut</span> <span class='ocrx_word' id='word_1_635' title='bbox 621 2550 681 2576; x_wconf 74' lang='lat' dir='ltr'>etc.</span> <span class='ocrx_word' id='word_1_636' title='bbox 706 2545 770 2585; x_wconf 91' lang='grc'>12,</span> <span class='ocrx_word' id='word_1_637' title='bbox 799 2543 922 2584; x_wconf 37' lang='grc'><strong>1,,26.</strong></span> <span class='ocrx_word' id='word_1_638' title='bbox 956 2544 1181 2588; x_wconf 84' lang='lat' dir='ltr'>augendo,</span> <span class='ocrx_word' id='word_1_639' title='bbox 1221 2546 1340 2588; x_wconf 82' lang='lat' dir='ltr'>quod</span> <span class='ocrx_word' id='word_1_640' title='bbox 1375 2550 1429 2579; x_wconf 87' lang='lat' dir='ltr'>est</span> <span class='ocrx_word' id='word_1_641' title='bbox 1460 2545 1566 2588; x_wconf 77' lang='lat' dir='ltr'>intra,</span> 
     </span>
    </p>
   </div>
   <div class='ocr_carea' id='block_1_18' title="bbox 8 2587 1570 2679">
    <p class='ocr_par' dir='ltr' id='par_1_19' title="bbox 8 2587 1570 2679">
     <span class='ocr_line' id='line_1_54' title="bbox 43 2587 1568 2632; baseline 0.003 -11.894"><span class='ocrx_word' id='word_1_642' title='bbox 10 2605 45 2636; x_wconf 75' lang='lat'>=‚‘&#39;</span> <span class='ocrx_word' id='word_1_643' title='bbox 102 2597 248 2622; x_wconf 85' lang='lat' dir='ltr'>necesse</span> <span class='ocrx_word' id='word_1_644' title='bbox 270 2594 323 2622; x_wconf 87' lang='lat' dir='ltr'>est</span> <span class='ocrx_word' id='word_1_645' title='bbox 352 2589 500 2622; x_wconf 82' lang='lat' dir='ltr'>extollat</span> <span class='ocrx_word' id='word_1_646' title='bbox 524 2588 587 2628; x_wconf 91' lang='lat' dir='ltr'>id,</span> <span class='ocrx_word' id='word_1_647' title='bbox 611 2588 733 2632; x_wconf 85' lang='lat' dir='ltr'>quod</span> <span class='ocrx_word' id='word_1_648' title='bbox 759 2598 864 2631; x_wconf 81' lang='lat' dir='ltr'>supra</span> <span class='ocrx_word' id='word_1_649' title='bbox 888 2587 1040 2631; x_wconf 86' lang='lat' dir='ltr'>positum</span> <span class='ocrx_word' id='word_1_650' title='bbox 1064 2595 1117 2622; x_wconf 84' lang='lat' dir='ltr'>est</span> <span class='ocrx_word' id='word_1_651' title='bbox 1139 2591 1178 2632; x_wconf 87' lang='lat'>8,</span> <span class='ocrx_word' id='word_1_652' title='bbox 1202 2588 1237 2632; x_wconf 85' lang='lat'>4,</span> <span class='ocrx_word' id='word_1_653' title='bbox 1261 2591 1296 2625; x_wconf 88' lang='grc'>9.</span> <span class='ocrx_word' id='word_1_654' title='bbox 1342 2590 1568 2625; x_wconf 67' lang='lat' dir='ltr'>Pas-titionem</span> 
     </span>
     <span class='ocr_line' id='line_1_55' title="bbox 8 2633 1570 2679; baseline 0.003 -13"><span class='ocrx_word' id='word_1_655' title='bbox 8 2637 73 2676; x_wconf 59' lang='lat'>&#39;·&#39;·,-·:.</span> <span class='ocrx_word' id='word_1_656' title='bbox 102 2643 244 2678; x_wconf 81' lang='lat' dir='ltr'>quoque</span> <span class='ocrx_word' id='word_1_657' title='bbox 269 2653 316 2660; x_wconf 93' lang='lat'>—</span> <span class='ocrx_word' id='word_1_658' title='bbox 340 2640 375 2667; x_wconf 84' lang='lat' dir='ltr'>et</span> <span class='ocrx_word' id='word_1_659' title='bbox 403 2645 523 2667; x_wconf 85' lang='lat' dir='ltr'>rerum</span> <span class='ocrx_word' id='word_1_660' title='bbox 558 2635 705 2667; x_wconf 84' lang='lat' dir='ltr'>duarum</span> <span class='ocrx_word' id='word_1_661' title='bbox 736 2633 1000 2679; x_wconf 82' lang='lat' dir='ltr'>cognationem,</span> <span class='ocrx_word' id='word_1_662' title='bbox 1036 2636 1157 2678; x_wconf 85' lang='lat' dir='ltr'>quod</span> <span class='ocrx_word' id='word_1_663' title='bbox 1184 2641 1280 2678; x_wconf 86' lang='lat' dir='ltr'>est,</span> <span class='ocrx_word' id='word_1_664' title='bbox 1317 2642 1364 2670; x_wconf 84' lang='lat' dir='ltr'>ut</span> <span class='ocrx_word' id='word_1_665' title='bbox 1388 2637 1482 2670; x_wconf 88' lang='lat' dir='ltr'>idem</span> <span class='ocrx_word' id='word_1_666' title='bbox 1504 2649 1570 2671; x_wconf 80' lang='lat' dir='ltr'>va-</span> 
     </span>
    </p>
   </div>
   <div class='ocr_carea' id='block_1_19' title="bbox 24 2725 51 2739">
    <p class='ocr_par' dir='ltr' id='par_1_20' title="bbox 24 2725 51 2739">
     <span class='ocr_line' id='line_1_56' title="bbox 24 2725 51 2739; baseline 0 0"><span class='ocrx_word' id='word_1_667' title='bbox 24 2725 32 2734; x_wconf 65' lang='lat'><em>*</em></span> <span class='ocrx_word' id='word_1_668' title='bbox 49 2735 51 2739; x_wconf 45' lang='lat'><em>⁴</em></span> 
     </span>
    </p>
   </div>
   <div class='ocr_carea' id='block_1_20' title="bbox 29 2677 1571 2818">
    <p class='ocr_par' dir='ltr' id='par_1_21' title="bbox 29 2677 1571 2818">
     <span class='ocr_line' id='line_1_57' title="bbox 29 2677 1571 2725; baseline 0.003 -15"><span class='ocrx_word' id='word_1_669' title='bbox 29 2678 35 2683; x_wconf 84' lang='lat'>&#39;</span> <span class='ocrx_word' id='word_1_670' title='bbox 58 2701 63 2704; x_wconf 82' lang='lat'><em>-</em></span> <span class='ocrx_word' id='word_1_671' title='bbox 102 2677 218 2721; x_wconf 81' lang='lat' dir='ltr'>leant,</span> <span class='ocrx_word' id='word_1_672' title='bbox 252 2690 343 2723; x_wconf 84' lang='lat' dir='ltr'>quae</span> <span class='ocrx_word' id='word_1_673' title='bbox 367 2679 540 2714; x_wconf 73' lang='lat' dir='ltr'>videntur</span> <span class='ocrx_word' id='word_1_674' title='bbox 562 2690 641 2714; x_wconf 87' lang='lat' dir='ltr'>esse</span> <span class='ocrx_word' id='word_1_675' title='bbox 668 2678 810 2713; x_wconf 83' lang='lat' dir='ltr'>diversa</span> <span class='ocrx_word' id='word_1_676' title='bbox 836 2686 917 2720; x_wconf 46' lang='grc' dir='ltr'>στι-4</span> <span class='ocrx_word' id='word_1_677' title='bbox 951 2682 1070 2723; x_wconf 85' lang='lat' dir='ltr'>quod</span> <span class='ocrx_word' id='word_1_678' title='bbox 1100 2686 1172 2714; x_wconf 85' lang='lat' dir='ltr'>est</span> <span class='ocrx_word' id='word_1_679' title='bbox 1202 2680 1239 2714; x_wconf 90' lang='lat' dir='ltr'>in</span> <span class='ocrx_word' id='word_1_680' title='bbox 1262 2687 1361 2725; x_wconf 84' lang='lat' dir='ltr'>parte</span> <span class='ocrx_word' id='word_1_681' title='bbox 1385 2682 1571 2717; x_wconf 75' lang='lat' dir='ltr'>divisionis</span> 
     </span>
     <span class='ocr_line' id='line_1_58' title="bbox 60 2723 1570 2772; baseline 0.003 -15"><span class='ocrx_word' id='word_1_682' title='bbox 60 2745 86 2752; x_wconf 80' lang='lat'>--</span> <span class='ocrx_word' id='word_1_683' title='bbox 106 2723 151 2764; x_wconf 89' lang='grc'>9,</span> <span class='ocrx_word' id='word_1_684' title='bbox 172 2726 218 2766; x_wconf 91' lang='grc'>2,</span> <span class='ocrx_word' id='word_1_685' title='bbox 244 2725 321 2759; x_wconf 90' lang='grc'><strong>105.</strong></span> <span class='ocrx_word' id='word_1_686' title='bbox 350 2723 593 2769; x_wconf 79' lang='grc' dir='ltr'><strong>προέκθεσιν,</strong></span> <span class='ocrx_word' id='word_1_687' title='bbox 628 2725 753 2768; x_wconf 79' lang='lat' dir='ltr'>quod</span> <span class='ocrx_word' id='word_1_688' title='bbox 791 2730 862 2759; x_wconf 84' lang='lat' dir='ltr'>est</span> <span class='ocrx_word' id='word_1_689' title='bbox 898 2724 1036 2767; x_wconf 88' lang='lat' dir='ltr'>dicere,</span> <span class='ocrx_word' id='word_1_690' title='bbox 1070 2726 1153 2770; x_wconf 86' lang='lat' dir='ltr'>quid</span> <span class='ocrx_word' id='word_1_691' title='bbox 1185 2727 1263 2761; x_wconf 86' lang='lat' dir='ltr'>fieri</span> <span class='ocrx_word' id='word_1_692' title='bbox 1298 2727 1494 2772; x_wconf 81' lang='lat' dir='ltr'>oportuerit</span> <span class='ocrx_word' id='word_1_693' title='bbox 1526 2731 1570 2762; x_wconf 82' lang='lat' dir='ltr'>ib.</span> 
     </span>
     <span class='ocr_line' id='line_1_59' title="bbox 62 2768 1571 2818; baseline 0.005 -18"><span class='ocrx_word' id='word_1_694' title='bbox 62 2790 66 2798; x_wconf 82' lang='lat'><strong>.</strong></span> <span class='ocrx_word' id='word_1_695' title='bbox 108 2768 196 2811; x_wconf 78' lang='lat'><strong>1063</strong></span> <span class='ocrx_word' id='word_1_696' title='bbox 220 2770 388 2814; x_wconf 77' lang='lat' dir='ltr'>incertum,</span> <span class='ocrx_word' id='word_1_697' title='bbox 415 2783 491 2815; x_wconf 80' lang='lat' dir='ltr'>quo,</span> <span class='ocrx_word' id='word_1_698' title='bbox 513 2773 575 2804; x_wconf 82' lang='lat' dir='ltr'>nisi</span> <span class='ocrx_word' id='word_1_699' title='bbox 594 2770 686 2812; x_wconf 77' lang='lat' dir='ltr'>sorte</span> <span class='ocrx_word' id='word_1_700' title='bbox 711 2771 757 2804; x_wconf 83' lang='lat' dir='ltr'>ad</span> <span class='ocrx_word' id='word_1_701' title='bbox 778 2777 892 2815; x_wconf 69' lang='lat' dir='ltr'>totum,</span> <span class='ocrx_word' id='word_1_702' title='bbox 922 2770 1108 2812; x_wconf 77' lang='lat' dir='ltr'>reseratur.-</span> <span class='ocrx_word' id='word_1_703' title='bbox 1134 2773 1219 2807; x_wconf 77' lang='lat' dir='ltr'>Ead.</span> <span class='ocrx_word' id='word_1_704' title='bbox 1243 2773 1333 2808; x_wconf 80' lang='lat' dir='ltr'>ratio</span> <span class='ocrx_word' id='word_1_705' title='bbox 1360 2779 1414 2808; x_wconf 85' lang='lat' dir='ltr'>est</span> <span class='ocrx_word' id='word_1_706' title='bbox 1437 2784 1571 2818; x_wconf 80' lang='lat' dir='ltr'>eornm,</span> 
     </span>
    </p>
   </div>
   <div class='ocr_carea' id='block_1_21' title="bbox 1187 2828 1271 2863">
    <p class='ocr_par' dir='ltr' id='par_1_22' title="bbox 1187 2828 1271 2863">
     <span class='ocr_line' id='line_1_60' title="bbox 1187 2828 1271 2863; baseline -0.024 0"><span class='ocrx_word' id='word_1_707' title='bbox 1187 2828 1271 2863; x_wconf 78' lang='lat'>47*</span> 
     </span>
    </p>
   </div>
  </div>
 </body>
</html>
