1728 3002
175 230 259 270 206
659 222 937 267 Decretorius
965 247 1022 258 --
1050 222 1227 268 Deduco
1263 256 1269 267 .-

174 328 464 377 Decretorius-
503 349 659 387 pugnam
680 339 915 374 decretoriam
940 339 987 384 (a.
1007 343 1031 374 1.
1054 340 1309 387 decertoriam)
1331 341 1368 387 6,
1388 340 1427 387 4,
1449 343 1473 380 6
1489 344 1560 388 N.‚·
1585 345 1712 380 decre-

220 387 323 422 toriis
346 387 396 429 (a.
417 390 442 420 1.
467 386 604 420 dextris
628 391 664 420 et
686 385 810 429 laevis)
837 391 1048 421 exerceatur
1071 387 1203 429 (transl.
1228 390 1271 422 de
1294 388 1438 433 oratore)
1461 392 1518 434 10,
1541 393 1576 434 5,
1600 394 1648 426 20
1665 394 1712 428 Ν.

173 433 422 476 Decretum·
469 455 551 477 cum
578 443 624 478 sit
653 440 903 477 sententia
927 443 1165 479 decretum
1193 446 1373 490 quoddam
1395 452 1500 491 atque
1522 460 1716 493 praece-

220 497 346 536 ptum
371 492 428 532 10,
455 491 488 533 5,
515 493 570 524 12.
608 490 741 524 similes
765 495 849 523 sunt
872 489 1099 525 consiliis
1122 497 1183 525 aut
1206 491 1415 526 decretis
1440 492 1652 538 (sententiae)
1675 498 1711 537 8,

219 541 267 580 5,
294 539 327 571 3.
374 547 453 570 rara
479 537 571 570 haec
599 536 746 570 occasio
773 541 848 578 est,
889 541 927 569 ut
953 536 1082 570 referri
1104 537 1241 581 possint
1264 558 1310 564 -—
1333 539 1479 573 decreta
1506 542 1554 584 3,
1579 544 1622 584 7,
1652 545 1710 577 17.

221 585 413 618 adversum
440 583 583 617 decreta
614 582 813 626 principum
843 582 906 616 vel
928 582 1196 628 magistratuum
1218 585 1416 619 remedium
1437 586 1575 620 nullum
1596 593 1651 622 est
1677 590 1713 632 5,

221 633 255 673 2,
281 632 312 664 5.
352 631 453 665 velut
477 628 632 663 decretis
655 628 902 663 technicorum
930 634 1027 663 tutus
1047 633 1082 672 2,
1109 632 1166 673 13,
1191 630 1246 664 15.

171 674 401 717 Decuriae.
442 698 523 720 cum
546 686 700 730 jndicem
723 697 808 719 rura
830 687 1040 731 plerumque
1065 686 1104 720 in
1126 686 1290 721 decurias
1312 686 1454 722 mittant
1475 686 1512 733 4,
1534 691 1571 733 2,
1593 688 1641 724 45
1664 690 1713 726 Ν.

173 732 384 774 Decurro.
432 744 465 786 I)
493 747 647 787 proprie.-
676 743 780 777 militi
807 742 886 776 sine
913 744 1031 790 gladio
1053 744 1257 779 decurrenti
1284 745 1327 787 6,
1356 747 1400 788 3,
1427 747 1484 781 90.
1519 747 1624 782 coelo
1648 748 1728 782 der<

217 790 328 824 currit
353 796 476 834 aperto
501 793 541 832 7,
570 791 615 833 9,
646 792 690 824 10
713 791 761 824 N.
799 800 924 823 manus
947 789 989 823 in·
1010 790 1201 825 scribendo
1224 791 1382 825 decurrit
1409 794 1470 835 10,
1497 795 1538 836 7,
1563 795 1619 827 11.
1657 805 1712 838 ea,

216 847 306 881 quac
332 835 515 870 emiserint
540 836 716 879 (pilai-iil.
743 847 813 880 qua
840 837 1008 879 jubentur
1034 837 1226 871 decurrere
1250 839 1295 871 ib.
1329 837 1361 871 si
1382 837 1422 872 in
1440 839 1563 873 hostes
1587 841 1716 875 decur-

215 884 367 917 rendum
392 883 516 923 (Codd.
542 884 698 925 recurr.)
716 885 751 924 7,
772 885 806 924 7,
828 881 862 915 4.
911 882 962 925 ΙΙ)
988 887 1106 917 transl.
1153 884 1192 924 α)
1218 885 1261 917 ‹le
1283 887 1450 927 personis.-
1477 884 1722 922 decurrebant

216 931 263 963 ad
287 930 470 963 schemata
492 930 536 972 9,
560 931 605 972 2,
629 930 699 972 793
736 929 774 962 in
797 929 864 962 hac
888 927 1015 972 (rerum
1042 928 1246 972 repetitione)
1266 930 1535 966 decurrendum
1560 942 1627 978 per
1649 944 1713 967 ca-

214 976 288 1020 pita
314 976 357 1018 6,
386 978 404 1008 1
422 1001 432 1018 ,
460 978 495 1009 2.
533 975 660 1020 quibus
689 974 881 1022 generibus
905 986 970 1018 per
993 980 1084 1009 totas
1115 975 1341 1019 quaestiones
1365 977 1586 1012 decurrimus
1607 981 1652 1022 9,
1674 983 1711 1023 2,

215 1021 275 1056 48.
315 1023 507 1055 decurrere
535 1033 602 1066 per
623 1021 811 1055 materiam
835 1020 918 1054 stilo
943 1032 1048 1065 quam
1070 1021 1302 1056 velocissimo
1332 1024 1393 1065 10,
1417 1025 1462 1065 3,
1488 1026 1544 1058 17.
1603 1023 1645 1070 β)
1669 1027 1713 1060 d‘e

215 1070 364 1102 oratione
402 1075 434 1101 et
465 1069 633 1110 rhythmo.-
688 1078 779 1113 quae
809 1067 980 1101 continuo
1011 1067 1125 1113 magis
1158 1067 1332 1102 orationis
1366 1074 1483 1103 tractu
1518 1071 1712 1106 decurrunt

216 1115 258 1156 5,
286 1115 331 1156 8,
358 1116 392 1147 2.
429 1114 586 1158 rhythmi
612 1132 677 1157 —,
706 1125 777 1157 qua
804 1119 1000 1157 coeperunt
1026 1113 1228 1150 sublatione
1250 1125 1292 1148 ac
1315 1114 1506 1159 positione,
1535 1117 1579 1149 ad
1601 1116 1711 1152 finem

214 1171 328 1204 usque
355 1161 547 1193 decurrunt
571 1161 616 1202 9,
641 1158 685 1202 4,
713 1161 768 1194 55.
817 1170 945 1193 versus
971 1170 1114 1203 semper
1137 1171 1208 1194 una
1235 1160 1375 1195 ratione
1403 1162 1560 1196 decurrit
1585 1165 1627 1197 ib.
1651 1165 1710 1199 60.

215 1207 332 1240 oratio
357 1206 526 1252 gaudebit
547 1204 739 1239 occasione
756 1204 885 1239 laetius
907 1205 1120 1239 decurrendi
1145 1209 1202 1250 12,
1226 1207 1263 1250 9,
1285 1209 1331 1250 2;
1369 1207 1601 1243 decurrentes
1623 1219 1712 1244 con-

212 1258 315 1286 texto
342 1252 459 1286 nitore
485 1251 653 1285 circuitus
679 1254 746 1295 11,
776 1253 818 1294 1,
846 1251 881 1285 6.
920 1251 1112 1285 continuos
1138 1257 1175 1286 et
1201 1253 1432 1287 decurrentes
1456 1255 1558 1288 locos
1582 1257 1646 1300 ss,
1674 1258 1711 1299 3,

212 1298 268 1334 84.
312 1297 534 1333 decurrentis
560 1297 733 1332 orationis
760 1298 802 1339 9,
830 1295 873 1339 4,
901 1297 958 1331 61.
1004 1297 1274 1331 decurrentibus
1295 1298 1454 1342 periodis
1482 1302 1523 1334 11
1538 1326 1550 1344 ‚
1579 1303 1623 1346 1,
1648 1299 1709 1338 49.

212 1344 376 1379 similiter
401 1343 665 1379 decurrentium
690 1342 887 1387 spatiorum
909 1343 947 1386 9,
975 1341 1012 1386 4,
1038 1342 1119 1377 114.

159 1388 398 1432 DecurSUS·
439 1400 606 1445 impediri
625 1411 769 1443 eorum,
795 1410 887 1444 quae
907 1399 1011 1442 dicit,
1037 1401 1229 1434 decumum
1246 1402 1303 1444 11,
1327 1403 1363 1444 2,
1385 1401 1443 1436 25.
1479 1383 1593 1437 totum
1610 1384 1728 1440 illiuu¹

210 1450 422 1529 deciis-gum,
457 1458 533 1482 non
557 1458 626 1482 sex
651 1448 715 1483 vel
739 1446 896 1492 quinque
923 1451 1067 1491 partes,
1103 1457 1152 1481 ex
1185 1446 1314 1492 quibus
1346 1453 1487 1483 constat
1513 1460 1641 1486 versus
1670 1447 1726 1503 9,3‘

163 1518 371 1585 Dedecei.
420 1549 482 1584 uhi
507 1561 584 1586 vox
617 1551 681 1587 vel
710 1550 806 1585 inter
831 1550 956 1584 dentes
981 1559 1152 1592 expressa
1182 1559 1258 1583 non
1288 1550 1439 1586 dedecet
1466 1553 1528 1595 11,
1553 1553 1599 1595 3,
1626 1551 1706 1590 104.

210 1599 344 1632 audere
369 1608 443 1632 non
467 1598 548 1631 ded.
577 1599 632 1640 12,
656 1598 692 1640 6,
717 1599 751 1632 3.
788 1602 907 1644 togam
930 1595 1111 1630 removeri
1139 1605 1213 1630 non
1237 1596 1424 1632 dedecebit
1451 1599 1495 1632 ib.
1522 1600 1618 1634 124.-
1637 1583 1721 1636 axia

207 1651 360 1678 tremam
383 1655 484 1678 oram
509 1644 631 1688 (sinus)
654 1643 825 1687 rejecisse
850 1653 924 1676 non
949 1642 1100 1692 dedecet
1125 1644 1170 1675 ib.
1201 1644 1280 1677 170.
1418 1679 1419 1682 ,
1707 1659 1713 1661 ·

160 1687 342 1731 Dedico.
386 1700 447 1745 qui
471 1700 616 1745 proprie
637 1700 749 1735 libros
773 1699 858 1734 huic
877 1698 980 1745 operi
1003 1695 1263 1734 dedicaverunt
1279 1699 1315 1742 9,
1338 1701 1374 1743 3,
1397 1699 1456 1736 89.
1493 1694 1590 1745 quod
1606 1700 1708 1736 libris

209 1747 393 1782 dedicatur
416 1750 474 1790 12,
500 1749 557 1790 10,
583 1747 640 1782 50.
677 1746 798 1791 operis
826 1746 890 1780 tibi
917 1745 1072 1780 dedicati
1093 1743 1129 1787 4,
1158 1746 1216 1780 Pr.
1243 1747 1278 1778 1.

160 1791 436 1848 Dedignatio.
487 1809 542 1839 est
573 1805 702 1848 quaed.
734 1802 843 1837 tacita
875 1803 978 1844 ded.‚
1021 1801 1098 1837 vim
1127 1800 1294 1844 dicendi,
1333 1800 1438 1837 tantis
1465 1808 1704 1848 comparatam

206 1851 409 1893 laboribus,
439 1850 484 1883 ad
509 1861 620 1883 unum
647 1849 848 1883 auditorem
874 1847 1060 1882 demittere
1090 1850 1124 1890 1,
1149 1849 1185 1890 2,
1214 1849 1272 1881 31.

159 1893 364 1936 Dedisco.
410 1906 590 1950 sermoni,
622 1905 683 1950 qui
708 1905 946 1940 dediscendus
969 1903 1014 1938 sit
1038 1906 1073 1947 1,
1102 1906 1136 1947 1,
1163 1905 1198 1939 5.

159 1950 350 1993 Deditio·
396 1964 440 1997 de
463 1963 631 1997 facienda
654 1963 700 1997 ad
724 1963 867 1996 hostem
890 1961 1073 1996 deditione
1097 1962 1133 2004 3,
1159 1961 1195 2004 8,
1218 1961 1278 1996 23.

159 2007 299 2050 DedO·
351 2020 382 2054 si
406 2032 445 2054 se
473 2019 675 2054 dediderint
700 2021 743 2062 3,
774 2020 818 2062 8,
850 2021 915 2061 313
955 2018 1017 2063 qui
1043 2029 1082 2052 se
1113 2018 1176 2052 uni
1200 2016 1307 2052 alicui
1341 2016 1464 2065 generi
1490 2016 1703 2054 dediderunt

206 2069 263 2109 10,
287 2069 330 2108 2,
359 2069 416 2101 23.
454 2066 516 2111 qui
538 2078 578 2100 se
602 2077 676 2100 non
703 2065 828 2100 otiosis
852 2064 1172 2110 disputationibus,
1205 2065 1269 2098 sed
1293 2063 1590 2098 administrationi
1610 2064 1704 2118 reip.

204 2112 380 2147 dediderit
406 2112 458 2156 (a.
485 2117 507 2146 l.
537 2111 688 2154 dederit)
715 2115 756 2145 11
772 2137 783 2154 ,
809 2114 850 2154 1,
875 2112 932 2146 35.
970 2109 1231 2145 dediderim
1258 2110 1318 2152 (a.
1344 2115 1368 2144 1.
1397 2109 1574 2154 dederim)
1603 2121 1702 2155 pen-

203 2159 293 2192 culis
319 2160 502 2201 omnibus,
540 2158 802 2193 obtulerim
825 2157 985 2201 insidiis,
1018 2156 1285 2201 objecerim
1306 2155 1466 2191 invidiae
1491 2158 1578 2191 Cic.
1604 2157 1640 2200 9,
1663 2157 1700 2201 3,

202 2203 259 2239 45.
298 2205 457 2239 deditum
482 2205 662 2239 meretrici
685 2206 720 2247 8,
745 2206 778 2247 3,
803 2203 861 2239 48.
897 2203 966 2237 sibi
990 2203 1129 2238 deditos
1153 2207 1328 2236 amatores
1350 2202 1403 2247 (a.
1423 2207 1446 2236 l.
1474 2202 1557 2243 om.)
1584 2205 1640 2246 to,
1665 2205 1701 2247 1,

202 2253 247 2284 93
273 2252 318 2284 N.
346 2265 393 2286 cr.
435 2251 521 2285 huic
553 2251 645 2296 parti
677 2250 822 2296 proprie
854 2249 1099 2297 assignata
1129 2254 1166 2283 et
1190 2250 1292 2284 velut
1318 2248 1475 2283 dedita
1502 2247 1563 2292 (α.
1587 2252 1612 2282 1.
1635 2249 1700 2283 de·-

205 2297 298 2337 bita)
322 2297 346 2331 4
385 2301 408 2331 2
449 2300 508 2332 62.

157 2323 374 2383 Βθᾶθῡθό·
410 2324 503 2388 ’cum
527 2354 743 2402 geminatum
771 2363 863 2387 onus
891 2351 1125 2386 succedentes
1149 2354 1308 2394 premat,
1336 2354 1372 2384 et
1399 2348 1542 2395 quidem
1565 2338 1698 2385 11011οᾸ-

205 2400 338 2432 cendi
364 2402 508 2446 gravius
535 2412 577 2434 ac
602 2400 699 2445 prius
724 2411 829 2444 quam
859 2396 1068 2432 docendi
1090 2399 1125 2439 2,
1150 2399 1185 2438 3,
1209 2399 1243 2430 2.

157 2441 350 2484 Deduco·
409 2456 438 2498 1)
472 2460 631 2501 proprie.-
671 2468 777 2502 quem
803 2455 842 2489 in
867 2455 987 2489 forum
1014 2452 1228 2492 deduximus
1260 2455 1324 2495 12,
1353 2453 1396 2496 6,
1426 2452 1460 2487 6.
1509 2451 1562 2487 sic
1588 2453 1632 2487 ad
1656 2491 1661 2496 .

203 2499 367 2534 Coelium
399 2503 591 2537 deductum
626 2515 647 2537 a
679 2509 777 2547 patre
809 2500 938 2536 Cicero
968 2499 1155 2544 profitetur
1185 2502 1247 2542 12,
1279 2502 1338 2542 11,
1362 2499 1398 2533 6.
1432 2499 1543 2545 longo
1560 2498 1632 2532 :itin

203 2547 354 2579 deducta
381 2547 545 2582 animalia
570 2552 625 2592 11,
650 2552 686 2592 2,
713 2549 756 2589 6;
795 2547 841 2581 ad
862 2546 973 2579 imum
994 2550 1160 2580 ventrem
1184 2546 1361 2579 deducere
1385 2542 1552 2588 (manum)
1576 2546 1634 2587 11,

203 2594 292 2634 1123
329 2593 507 2627 deducere
533 2595 622 2628 deos
649 2596 700 2638 (in
723 2591 879 2636 dicendo)
907 2593 950 2634 9,
977 2594 1018 2633 2,
1046 2593 1105 2627 31.
1173 2592 1224 2632 11)
1248 2594 1364 2623 transl.
1409 2588 1454 2633 a)
1479 2591 1527 2622 ad
1549 2593 1597 2623 ali

196 2639 321 2679 finem.-
348 2638 483 2680 causis,
513 2646 659 2684 propter
683 2651 771 2684 quas
795 2639 969 2672 innocens
991 2636 1036 2670 in
1063 2636 1260 2681 periculum
1285 2636 1480 2669 deducatur
1500 2632 1537 2679 4,
1562 2638 1598 2679 2,
1659 2675 1663 2678 ,

201 2684 305 2727 plura
328 2690 534 2730 argumenta
562 2687 614 2719 ad
637 2697 748 2719 unum
771 2685 936 2719 effectum
960 2684 1184 2717 deducuntur
1203 2683 1238 2724 9,
1257 2684 1292 2724 2,
1315 2682 1391 2714 103.
1421 2685 1461 2725 ut
1482 2679 1558 2724 ipsa

204 2729 400 2763 necessitas
423 2731 575 2764 deducat
602 2731 691 2772 (11.1.
719 2729 856 2774 diduc.)
880 2730 933 2763 ad
956 2728 1202 2763 defensionem
1224 2730 1259 2770 7,
1285 2729 1318 2769 1,
1338 2727 1395 2760 35.
1424 2727 1563 2770 species
1586 2726 1634 2760 lib

203 2775 285 2809 tatis
315 2777 493 2809 deducere
522 2777 574 2809 ad
607 2776 842 2811 temeritatem
881 2777 973 2810 solet
1004 2777 1070 2816 12,
1101 2775 1148 2816 9,
1184 2775 1247 2814 13;
1290 2781 1498 2806 communes
1531 2772 1604 2807 loci
1663 2773 1685 2815 μ’

205 2821 365 2868 generali
391 2827 507 2856 tractu
534 2822 587 2856 ad
616 2823 785 2866 quasdam
809 2821 939 2856 deduci
963 2819 1102 2865 species
1125 2819 1241 2853 solent
1263 2819 1298 2861 2,
1320 2815 1366 2861 4,
1389 2819 1447 2852 22.
1481 2819 1578 2863 quod
1601 2817 1684 2866 (εσρὲ
1708 2849 1711 2857 ,
