1728 3002
729 194 812 246 Qui
1459 199 1533 239 741

60 311 176 356 quod
204 310 331 345 Graeci
362 307 470 346 θέσιν
504 310 625 345 dicunt
649 314 690 353 3,
714 311 759 352 5,
782 310 816 344 5.
846 311 966 355 quod
998 311 1048 352 (a.
1075 314 1099 344 1.
1126 309 1241 355 quae)
1271 306 1533 351 ἀντιμετα-

8 357 14 360 ”
58 353 180 402 βολή
204 356 333 391 dicitnr
352 357 394 398 9,
417 358 465 399 3,
492 357 548 392 85.
584 356 702 402 quod
731 355 859 396 dicitur
881 351 1171 399 ἐναντιότης
1205 357 1247 389 ib.
1271 355 1327 389 90.
1351 367 1383 388 v.
1409 353 1533 389 Dico

58 402 124 437 lv.
152 402 268 447 quod
298 401 455 436 Rutilius
480 397 786 446 αἰτιολογίαν
814 406 921 437 vocat
952 404 995 435 ib.
1019 403 1076 442 93.
1110 401 1157 443 cs.
1185 403 1228 443 5,
1258 403 1320 444 10,
1346 401 1403 435 73.
1437 400 1473 444 9,
1497 402 1534 445 3,

59 446 116 484 49.
157 450 219 491 11,
244 449 284 491 3,
308 448 365 483 35.
403 448 527 492 quod
559 442 740 490 ἆνασκευῆ
775 452 811 481 et
842 446 1226 491 autuonsvv)‚vocatur
1263 449 1308 488 2,
1331 445 1376 490 4,
1403 447 1458 481 18.

104 491 140 536 ζ)
160 506 190 528 c.
207 494 461 536 Coniunctionib.
482 494 643 538 jung-itur.
680 493 718 533 a)
733 495 972 527 adversativis:
998 504 1118 538 quae
1145 492 1328 538 quidem
1354 501 1445 526 non
1468 491 1534 526 ali-

57 549 128 584 quo
150 539 334 583 tradente,
366 541 444 574 sed
473 538 719 584 experimento
743 550 823 574 meo
847 538 1002 586 cognovi
1035 542 1080 581 6,
1110 542 1155 582 2,
1189 541 1247 574 25.
1290 537 1333 579 cs.
1357 540 1400 581 2,
1429 540 1448 571 1
1463 563 1474 581 ,
1497 541 1531 572 7.

56 595 171 630 quae
199 584 390 630 quidem
413 596 505 620 cum
528 585 572 620 sit
598 584 635 619 in
659 591 731 619 tres
752 584 866 621 divisa
889 590 1006 630 partes
1031 588 1086 628 12,
1110 588 1145 627 2,
1174 588 1227 620 10.
1252 583 1389 633 oratio,
1414 595 1470 629 qu
1482 595 1532 619 ae

55 629 240 675 quidem
263 631 376 666 oratio
401 636 454 665 est
477 642 565 667 vere
589 633 646 674 12,
670 634 706 675 2,
731 633 788 665 20.
831 630 876 672 cs.
901 634 936 673 2,
959 629 994 674 4,
1021 632 1079 666 28.
1113 633 1171 672 10,
1194 631 1230 674 4,
1254 631 1289 665 6.
1327 632 1383 672 11,
1410 631 1447 672 3,
1473 629 1530 664 61.

35 677 176 728 quod
198 687 310 711 sane
338 678 448 724 vulgo
471 687 610 722 quoque
633 675 685 711 sic
708 676 823 721 accipi
846 676 976 712 scimus
1001 677 1046 719 9,
1071 680 1110 715 1,
1137 675 1192 711 14.
1223 679 1305 710 sunt
1328 681 1363 709 et
1385 681 1529 709 natura-

19 722 124 765 μ1ιει,
148 733 266 769 quae
289 728 440 757 tamen
466 729 502 757 et
526 734 611 757 cura
632 724 819 766 juvantur,
847 722 1077 757 instrumenta
1099 735 1166 756 --:
1193 732 1314 767 quae
1338 722 1529 766 quidem

50 772 187 802 tantum
215 769 356 812 valent,
392 775 436 802 ut
464 776 524 802 etc.
551 771 616 812 12,
641 771 684 812 5,
713 770 747 803 5.
781 768 869 810 ista,
898 779 1013 814 quae
1037 774 1190 803 tamen
1213 768 1250 802 in
1274 767 1392 812 aliquo
1415 766 1530 811 posita

50 819 134 848 sunt
156 819 255 848 motu
283 817 340 857 11,
365 816 399 857 3,
423 815 479 850 67.
509 825 623 859 quae
649 820 796 848 tamen
820 815 955 858 adjecta
978 813 1122 853 fuerint.
1147 825 1220 849 non
1238 814 1386 848 multum
1405 814 1453 854 ab
1472 812 1529 847 his

51 859 292 894 abhorrebunt
317 862 358 903 5,
380 863 445 903 12,
470 863 501 894 1.
537 871 651 905 quae
685 866 836 895 tamen
873 860 934 905 (a.
963 863 986 894 1.
1011 859 1114 904 tum)
1140 861 1362 895 exanimatae
1390 864 1528 894 terrore

51 905 208 943 excitare
232 906 428 940 Antonium
452 907 669 940 conabantur
695 909 812 941 Coel.
835 905 877 949 4,
901 909 946 949 2,
968 905 1046 940 124.
1072 917 1162 951 quo
1184 908 1266 940 loco
1291 912 1448 940 tamen
1471 905 1529 949 ju-

51 950 139 986 dicis
165 961 250 996 quo
262 963 348 996 que
371 952 552 986 noscenda
575 958 699 986 natura
725 957 777 985 est
798 950 845 994 4,
869 954 911 995 3,
938 954 992 985 10.
1030 951 1075 992 012
1099 954 1146 995 3,
1168 953 1213 995 6,
1240 955 1295 986 12.
1320 954 1398 985 102.
1432 950 1468 993 4,
1492 954 1526 993 2,

52 998 131 1030 102.
157 997 234 1031 106.
266 997 302 1040 4,
330 999 364 1040 3,
394 998 427 1033 6.
458 1000 492 1041 5,
519 1001 575 1038 11,
598 997 655 1032 40.
691 1000 726 1040 7,
752 997 789 1039 4,
816 1000 871 1031 10.
902 996 937 1038 9,
960 1000 995 1039 2,
1024 999 1080 1031 30.
1113 999 1147 1040 9,
1171 997 1208 1040 4,
1232 999 1289 1032 85.
1325 999 1382 1039 10,
1406 998 1440 1038 1,
1464 997 1526 1032 99.

48 1043 128 1077 128.
159 1044 216 1081 10,
240 1045 276 1086 7,
303 1044 360 1079 19.
387 1046 444 1087 11,
470 1047 502 1086 1,
524 1046 580 1078 22.
630 1043 715 1089 Qui
736 1051 852 1078 vero
876 1041 1062 1089 imaginem
1090 1042 1201 1086 ipsam
1225 1041 1449 1087 eloquentiae
1471 1041 1527 1075 di-

45 1087 132 1124 vina
154 1089 259 1132 quad.
283 1094 402 1122 mente
426 1089 631 1133 conceperit
659 1092 693 1131 1,
720 1091 776 1131 12,
803 1090 858 1123 18.
884 1087 938 1130 cs.
954 1092 986 1132 1,
1011 1089 1046 1131 6,
1072 1090 1128 1126 36.
1152 1091 1187 1131 2,
1217 1089 1271 1132 15,
1297 1089 1351 1124 19.
1400 1088 1525 1134 Quae

45 1139 195 1168 autem
218 1136 413 1168 secundum
439 1141 598 1169 naturam
622 1134 850 1179 judicantium
874 1134 967 1168 dicta
993 1140 1086 1177 sunt,
1110 1145 1183 1168 non
1202 1134 1251 1168 ita
1272 1132 1424 1178 posteris
1451 1138 1524 1167 tra-

16 1180 182 1213 »dentur
198 1182 262 1223 12,
286 1183 348 1224 10,
373 1181 430 1215 55.
470 1180 514 1222 cs.
542 1183 607 1224 10,
633 1185 674 1221 1,
697 1183 731 1214 2.
766 1182 830 1223 11,
851 1182 893 1223 2,
917 1178 972 1214 34.
1010 1191 1124 1226 quae
1147 1179 1345 1216 circumibit
1369 1191 1422 1213 au
1435 1185 1524 1214 tem

13 1246 18 1254 ι
42 1223 162 1268 linea,
190 1226 307 1269 ejusd.
335 1226 438 1272 spatii
472 1226 540 1274 erit
562 1229 603 1269 1,
630 1229 697 1269 10,
721 1224 778 1260 44.
814 1226 858 1259 ad
881 1225 1019 1260 minora
1040 1227 1122 1268 illa,
1147 1227 1226 1260 sed
1251 1236 1367 1270 quae
1393 1225 1434 1259 si
1457 1236 1524 1259 ne-

43 1270 176 1318 gligas,
197 1282 271 1306 non
294 1271 341 1306 sit
361 1272 553 1317 majoribus
574 1274 675 1306 locus
698 1273 756 1305 Pr.
786 1271 820 1306 5.
850 1270 894 1314 cf.
921 1274 986 1314 11,
1010 1273 1050 1315 3,
1076 1272 1133 1306 60.
1174 1273 1296 1316 ltaque
1318 1271 1382 1305 illo
1405 1271 1523 1304 subtili

3 1350 6 1354 .
26 1316 232 1362 -pnecipue
251 1317 343 1352 ratio
360 1318 525 1352 narrandi
541 1317 786 1363 probandique
808 1316 994 1360 consistet3
1018 1318 1102 1351 sed
1126 1319 1245 1362 quod
1273 1317 1430 1360 etiam,
1459 1319 1523 1352 de-

35 1362 167 1407 tractis
189 1363 317 1398 ceteris
340 1364 552 1407 virtutibus,
591 1375 658 1398 suo
681 1374 813 1412 genere
836 1365 980 1407 plenum
1005 1366 1071 1406 12,
1097 1366 1161 1406 10,
1191 1365 1247 1399 59.
1295 1362 1334 1406 b)
1357 1366 1522 1406 copulati-

44 1409 233 1445 v'isae'bona
253 1411 440 1453 valetudo,
467 1421 685 1455 quaeque
712 1421 793 1444 eum
816 1409 971 1443 maxime
998 1415 1170 1453 praestat,
1199 1409 1383 1454 frugalitas
1409 1412 1464 1452 10,
1488 1411 1522 1451 3,

31 1454 102 1490 25.
124 1454 264 1490 minora
285 1466 400 1499 vero,
424 1467 641 1501 quaeque
665 1461 746 1489 sunt
769 1453 821 1489 ex*
848 1455 992 1496 mediis,
1022 1456 1229 1500 plerumque
1253 1461 1334 1489 sunt
1357 1455 1440 1488 talia
1464 1458 1520 1498 11,

0 1523 11 1550 5
44 1503 87 1543 1,
113 1499 170 1535 14.
201 1503 326 1546 quod
355 1502 545 1546 praecipue
567 1502 756 1535 indulsisse
786 1501 923 1535 homini
946 1501 1090 1536 videtur
1117 1501 1302 1543 (amara),
1334 1511 1422 1545 quo
1435 1512 1519 1545 que

42 1556 111 1579 nos
130 1557 152 1579 a
173 1547 303 1581 ceteris
326 1548 533 1582 animalibus
562 1559 743 1591 separasse
768 1550 824 1589 12,
850 1550 882 1589 1,
907 1550 942 1580 2.
976 1546 1021 1588 cs.
1044 1551 1079 1588 7,
1105 1549 1161 1589 10,
1186 1550 1241 1580 11.
1276 1548 1310 1589 8,
1338 1546 1375 1588 4,
1403 1546 1457 1580 19.
1485 1547 1519 1589 9,

43 1590 85 1633 4,-
103 1589 162 1624 47.
189 1594 249 1634 10,
273 1595 309 1634 2,
336 1595 390 1626 10.
415 1596 472 1635 11,
495 1595 531 1635 3,
559 1596 636 1629 170.
672 1606 705 1626 v.
726 1593 833 1636 Que.
870 1603 989 1636 quae
1012 1592 1151 1625 etiam
1174 1602 1427 1635 responsurum
1455 1593 1519 1624 ad-

44 1634 240 1670 versarium
263 1642 399 1670 certum
422 1644 476 1672 est
499 1642 555 1679 12,
579 1639 615 1679 9,
645 1639 711 1679 193
736 1642 868 1671 metum
893 1637 1068 1680 duplicem
1090 1637 1241 1683 intelligi
1263 1639 1368 1680 volo,
1392 1648 1519 1681 quem

43 1679 196 1726 patimur
221 1685 267 1714 et
290 1692 422 1726 quem
446 1682 594 1716 facimus
617 1683 661 1725 6,
694 1685 737 1724 2,
769 1685 824 1715 21.
862 1688 938 1715 arte
968 1681 1029 1716 ille
1064 1688 1098 1716 et
1120 1688 1198 1716 toto
1222 1693 1353 1730 genere
1379 1683 1521 1717 dicendi

32 1726 318 1771 praeferendus,
349 1732 392 1761 et
418 1739 552 1771 quem
582 1727 622 1760 in
643 1737 793 1761 numero
817 1733 979 1762 veterum
1006 1729 1223 1762 locarenon
1247 1729 1371 1762 timeas
1396 1731 1456 1772 10,
1484 1732 1520 1772 1,

46 1773 126 1807 118.
163 1771 292 1818 cdl-10,
318 1773 352 1815 3,
377 1773 433 1807 25.
479 1772 518 1816 c)
542 1775 837 1807 condicionalibus:
870 1773 913 1807 si
939 1773 1014 1817 qui
1039 1779 1140 1817 sunt,
1171 1774 1248 1819 qui
1270 1774 1426 1809 invicem
1450 1785 1521 1808 ac-

2 1832 6 1836 -
45 1823 213 1852 cusent
235 1821 279 1860 7,
306 1821 348 1860 2,
377 1819 433 1852 19.
472 1819 512 1852 si
545 1830 632 1863 qua
670 1824 723 1853 est
754 1819 809 1852 rei
843 1818 1047 1852 deformitas
1069 1820 1111 1861 8,
1136 1822 1178 1862 3,
1202 1821 1257 1856 39.
1300 1831 1416 1865 neque
1453 1820 1520 1855 erit

45 1863 229 1908 perfectus
251 1868 393 1906 orator,
424 1863 519 1898 nisi
548 1864 624 1909 qui
652 1866 803 1898 honeste
828 1864 948 1898 dicere
979 1870 1015 1899 et
1039 1865 1160 1900 sciet
1185 1872 1222 1900 et
1244 1866 1438 1900 audebit
1462 1869 1518 1910 12,

45 1912 89 1952 2,
115 1911 172 1943 31.
198 1907 299 1943 sive
323 1921 434 1954 quae
458 1909 555 1943 alia
580 1910 742 1957 exegerit
763 1910 854 1944 ratio
881 1913 946 1953 12,
968 1912 1012 1954 9,
1034 1913 1100 1955 20;
1135 1922 1203 1946 nec
1226 1911 1428 1946 inusitatum
1454 1923 1521 1947 no-

0 1985 13 2000 „
31 1966 130 1989 rnen
155 1960 210 1989 est
231 1954 532 1999 ratiocinationis,
562 1962 610 1990 ut
642 1957 759 2000 qnod
794 1967 842 1990 ex
875 1957 999 1990 eadem
1034 1968 1138 1992 causa
1165 1959 1258 1991 inter
1292 1964 1400 1992 status
1427 1968 1520 2003 quo-

0 2025 25 2094 ζ.
44 2012 116 2081 '⁴1:22³
135 2000 291 2090 igliciitisa
298 2002 527 2090 Rigaeitig,
550 2001 756 2092 ¹1:233in
766 2000 1115 2092 t8p3niaiii3et3i·fiiitis
1126 2005 1267 2092 ‹gutdgm
1281 2010 1363 2084 13th
1366 2016 1436 2083 mix?
1451 2009 1519 2084 ῐξῗ

0 2097 13 2131 ’ἶ
71 2091 131 2136 ’,11)
156 2095 375 2136 anteponitur.
418 2092 462 2135 a)
485 2096 581 2126 atteri
604 2097 705 2127 Pron.
731 2098 828 2127 relos.
855 2098 908 2127 vel
930 2096 1106 2136 interrog..·
1133 2105 1248 2139 quae
1273 2094 1353 2139 qni
1375 2114 1421 2121 —
1444 2100 1519 2128 noxi

0 2119 22 2182 i„
44 2138 180 2182 putabit
208 2141 250 2180 2,
278 2142 321 2180 1,
347 2141 401 2172 12.
436 2139 555 2182 quod
579 2138 688 2183 quid
709 2138 759 2172 ita
781 2138 953 2183 placuerit
976 2140 1040 2182 iis,
1073 2151 1147 2173 non
1170 2140 1278 2174 video
1303 2142 1345 2181 9,
1371 2140 1415 2179 4,
1442 2142 1518 2174 110.

35 2183 84 2221 b)
110 2184 417 2227 Conjunctt'onibus:
442 2195 559 2228 quae
587 2195 673 2218 cnr
694 2190 877 2228 tantopere
903 2195 1148 2228 aspernemur,
1175 2185 1264 2218 nihil
1282 2185 1393 2221 video
1416 2187 1461 2226 8,
1483 2188 1520 2228 3,

14 2231 104 2264 ³133.
141 2241 253 2274 quae
285 2229 325 2263 si
354 2235 428 2263 tam
454 2229 596 2264 diversa
619 2229 722 2264 simul
744 2235 888 2273 parent,
921 2242 985 2264 cur
1008 2242 1079 2264 non
1104 2231 1260 2275 pluribus
1293 2231 1387 2265 curis
1413 2232 1521 2264 horas

10 2270 264 2324 f‘jiartiamur?
294 2279 332 2318 1,
356 2278 422 2317 12,
443 2274 477 2309 4.
511 2274 555 2316 cs.
578 2277 621 2317 8,
644 2276 702 2312 Pr.
726 2278 783 2312 27.
815 2277 935 2320 quod
959 2276 1146 2310 etiamsi
1170 2281 1307 2310 constat
1333 2282 1520 2321 utrumque

27 2342 30 2343 ν
119 2321 215 2364 'bus‚
238 2322 346 2355 habet
370 2327 490 2355 tamen
514 2329 575 2354 etc.
599 2322 641 2363 9,
663 2320 706 2364 4,
730 2319 787 2358 45.
822 2333 852 2354 υ.
879 2322 1014 2366 Quod.
1052 2333 1183 2366 quem
1214 2322 1304 2356 nisi
1336 2324 1524 2366 probasset

39 2364 56 2405 f.
84 2365 240 2414 ugilius,
275 2367 370 2401 idem
394 2378 573 2411 nunquam
595 2372 692 2400 certe
718 2366 864 2400 fecisset
887 2369 954 2410 10,
983 2371 1024 2409 1,
1050 2369 1105 2402 56.
1143 2368 1262 2412 quod
1291 2368 1521 2412 quoniam

25 2410 186 2459 „Jttione
210 2412 407 2459 colligitur,
441 2412 708 2447 ratiocinativus
732 2411 859 2446 dicitur
880 2415 923 2455 7,
946 2414 989 2455 8,
1015 2416 1047 2447 3.
1079 2424 1205 2457 quem
1236 2412 1388 2457 ipsum
1421 2425 1522 2449 num

20 2467 25 2470 ·
49 2454 218 2494 Asianum
243 2458 519 2502 appellabimus?
561 2461 621 2501 12,
647 2460 709 2501 10,
724 2456 790 2492 24.

27 2516 65 2544 -’.·
94 2502 155 2546 II)
178 2507 303 2538 Pron.
326 2507 592 2546 interrogat.
639 2504 682 2546 a)
705 2510 792 2536 recle
814 2505 1038 2546 interrogans.-
1067 2514 1157 2551 qnae
1174 2514 1278 2537 causa
1299 2504 1431 2539 frontis
1451 2510 1522 2540 im

32 2546 248 2584 'adductaw
273 2552 330 2592 10,
353 2551 387 2590 3,
410 2551 466 2583 13.
514 2551 623 2584 Nam
646 2549 767 2593 quod
789 2548 904 2582 illud
929 2559 1057 2593 corpus
1077 2552 1195 2583 inente
1218 2550 1435 2595 concipiam,
1460 2563 1524 2586 cu·

50 2626 52 2629 ,
126 2595 215 2629 eim?
246 2596 290 2638 8,
313 2594 355 2638 4,
380 2594 437 2630 24.
484 2596 620 2642 Quod
652 2594 772 2629 enim
802 2600 983 2628 tan-tum
1012 2594 1050 2627 in
1073 2595 1247 2629 sententia
1273 2596 1366 2631 bona
1391 2597 1523 2632 crimen

45 2639 48 2643 ’
118 2639 136 2674 '3
170 2641 206 2683 8,
233 2640 268 2682 5,
291 2643 348 2679 32.
384 2640 429 2683 qs.
450 2642 485 2685 6,
511 2644 544 2683 1,
566 2643 624 2676 32.
654 2644 690 2684 7,
713 2642 748 2683 3,
774 2641 838 2682 15;
873 2651 994 2685 quae
1019 2646 1071 2674 est
1095 2640 1189 2674 enim
1222 2641 1311 2686 (Sp.
1335 2654 1525 2688 namque

82 2686 87 2689 Ὗ
151 2686 325 2730 quaestio,
350 2685 396 2721 ivn
419 2698 504 2732 qua
529 2698 601 2722 non
623 2686 829 2732 promittere
852 2686 963 2730 possit
980 2687 1124 2720 orator?
1151 2689 1187 2729 3,
1207 2688 1243 2728 9,
1268 2689 1289 2722 3
1303 2693 1346 2724 Ζ.
1395 2690 1525 2735 Quod

93 2739 167 2765 ono
190 2732 333 2770 schema
357 2739 413 2767 est
434 2734 478 2767 ad
504 2732 726 2779 propositum
750 2733 906 2776 subjecta
928 2732 1043 2767 ratio?
1064 2734 1099 2777 9,
1122 2734 1158 2775 3,
1180 2733 1238 2768 93.
1272 2734 1317 2776 d.
1343 2738 1406 2778 10,
1431 2739 1465 2777 7,
1492 2738 1526 2769 3.

93 2773 116 2818 1
133 2778 282 2822 oblique:
316 2789 396 2813 eum
422 2779 658 2819 instruamus,
693 2790 760 2823 qua
789 2778 961 2821 mione,-
977 2779 1071 2823 quod
1105 2778 1247 2824 didicit,
1278 2782 1399 2816 facere
1425 2790 1527 2826 quam

111 2685 128 2728 *d

119 2943 173 2994 ³ss
275 2989 283 2992 -
1354 2979 1372 2990 .
