1728 3002
562 102 732 145 Revoco
756 127 811 133 —-
841 101 1067 145 Rhetorice
1497 105 1577 144 789

45 205 229 249 BOVOOO·
289 216 332 262 1)
356 219 500 262 proprie.
539 216 580 260 a)
605 219 766 252 Revocat
789 228 874 252 ecce
896 227 964 251 me.
987 217 1030 259 6,
1060 218 1102 259 1,
1129 213 1187 250 42.
1215 215 1400 258 tibicines,
1427 225 1507 250 cum
1531 215 1575 249 ab

85 264 177 299 urbe
202 262 566 307 discessissent,
594 263 735 308 publice
758 262 975 299 revocati
1001 267 1083 296 sunt
1107 262 1140 304 5,
1161 265 1216 303 11,
1235 262 1269 298 9.
1317 262 1367 304 β)
1392 263 1434 295 «Ie
1452 262 1573 295 exaio.-

86 315 283 346 revocante
306 320 389 343 eum
410 311 451 344 P.
475 309 574 344 Sulla
598 312 639 345 11
654 335 665 352 ,
691 313 734 353 1,
763 312 817 343 12.
846 315 946 354 patre
972 313 1144 345 revocato
1170 310 1212 351 7,
1239 311 1254 341 1
1271 333 1281 350 ‚
1308 308 1366 342 60.
1392 306 1574 341 abdicatus

84 355 252 391 revocari
279 356 414 391 mavult
436 356 473 399 9,
497 357 530 397 2,
552 355 611 391 89.
657 353 705 397 11)
733 359 870 389 transm
895 355 989 389 inter
1013 355 1195 397 juncturas
1222 353 1396 388 sermonis
1420 363 1574 388 revoca-

84 399 190 436 bitur*
205 401 371 454 (spiritus)
397 403 452 444 11,
475 403 510 445 3,
535 401 592 436 53.
618 406 658 434 ut
677 402 721 435 ad
739 401 912 448 gremium
932 400 1127 440 revocatis,
1153 399 1252 442 cujus
1275 399 1426 444 quisque
1449 410 1574 433 eorum

85 447 177 484 velit
201 446 283 481 libri
305 446 479 489 lectione,
513 446 717 481 deserviant
740 450 775 489 2,
799 449 833 490 5,
859 449 892 481 5.
919 452 958 480 ut
981 451 1130 480 revocet
1154 456 1220 479 nos
1242 446 1410 492 cogitatio
1434 446 1486 479 ad
1512 445 1574 478 illa

86 494 265 528 elaborata
294 495 359 535 10,
384 493 426 535 7,
451 495 508 527 32.
536 493 698 526 omnibus
723 491 818 527 vitiis
845 493 994 527 fractum
1019 491 1160 527 dicendi
1187 503 1299 538 genus
1322 501 1495 526 revocare
1520 491 1573 524 ad

85 538 270 574 severiora
294 538 424 582 judicia
449 541 515 581 10,
546 541 587 580 1,
618 539 696 574 125.
730 550 905 573 revocare
930 539 980 572 ab
1004 549 1127 573 errore
1158 538 1230 582 jam
1259 538 1377 582 lapsos
1402 539 1447 578 2,
1470 538 1512 579 6,
1535 539 1569 571 2.

85 585 294 631 perterritos
317 584 467 618 militum
490 584 625 619 animos
649 586 857 630 frequenter
879 597 900 619 a
920 592 1017 619 metu
1039 589 1188 621 revocat
1211 583 1326 619 oratio
1350 586 1386 626 2,
1413 583 1469 626 16,
1493 583 1527 617 8.

39 637 245 682 RGVOIVO·
292 651 423 696 scripta
455 658 491 687 et
520 654 613 687 lecta
643 651 783 697 saepius
809 637 1022 688 revolvendi
1047 655 1112 696 11,
1142 655 1185 695 2,
1209 650 1275 694 41;
1310 650 1440 703 injis,
1481 660 1573 695 quae

83 697 308 733 denominata
329 704 429 779 grant,
466 709 601 733 summa
623 704 814 744 paupertas
838 699 875 733 in
903 700 1028 734 eadem
1050 710 1118 734 nos
1140 697 1427 744 frequentissime
1450 696 1572 732 revol-

81 743 137 779 vit
165 746 222 787 12,
247 746 303 787 10,
382 768 392 778 .

38 784 147 831 Rex.
185 811 289 844 rex,
315 806 480 836 rector
505 806 540 836 et
563 801 629 836 alia
654 801 804 846 phu-ima
829 802 1022 837 indubitata
1043 805 1076 844 1,
1097 801 1133 844 6,
1154 803 1211 836 33.
1235 798 1429 834 maximum
1450 807 1572 844 regem

82 844 144 890 (de
166 849 363 881 Alexandro
389 846 460 889 M.)
487 850 530 891 1,
555 850 596 890 1,
620 849 654 882 9.
683 859 765 882 cum
789 859 930 894 regem,
957 850 1000 882 ad
1025 859 1130 891 quem
1158 846 1323 880 mandata
1347 848 1572 888 acceperant,

84 890 294 926 trucidarint
316 893 432 932 (Fabii
457 892 574 936 legati)
598 894 633 936 3,
657 895 693 936 8,
717 896 774 928 20.
813 895 933 938 Quare
957 895 1000 928 ad
1019 894 1167 935 Troiam
1191 891 1445 938 quinquaginta
1467 899 1572 936 reges

86 936 364 985 navigaverint?
388 941 424 981 7,
449 941 486 980 2,
509 940 543 972 3.
566 938 606 972 in
630 939 773 986 regibus
798 940 944 975 fortuna
968 939 1173 986 dignitatem
1201 938 1302 973 affert
1323 939 1360 982 3,
1384 938 1422 980 7,
1446 937 1503 974 13.
1527 935 1572 969 de

61 992 171 1029 =rege
193 983 333 1028 Pyrrho
355 983 391 1026 6,
414 985 450 1027 3,
475 986 532 1018 10.

38 1026 201 1081 Rhoda.
250 1050 446 1096 (Gallicum)
470 1053 506 1095 1,
534 1051 570 1095 5,
597 1053 655 1087 5⁷.
691 1053 747 1088 68.

40 1104 216 1149 Rhetor.
262 1118 426 1154 rhetores
451 1130 534 1154 suas
557 1124 675 1163 partes
699 1119 895 1155 omiserunt
916 1123 959 1163 2,
984 1123 1025 1163 1,
1053 1122 1088 1156 1.
1115 1125 1283 1164 quantum
1308 1117 1355 1152 sit
1379 1117 1573 1152 collaturus

84 1164 129 1198 ad
152 1164 353 1208 profectum
375 1165 586 1200 discentium
609 1169 651 1209 2,
677 1167 718 1208 5,
747 1169 782 1200 1.
815 1162 1028 1211 ὑπαλλαγὴν
1049 1166 1214 1200 rhetores
1236 1165 1360 1200 dicunt
1381 1165 1423 1207 8,
1448 1163 1491 1207 6,
1514 1164 1572 1197 23.

86 1209 225 1244 Cicero³
253 1210 336 1245 illos
369 1221 420 1245 ex
454 1210 567 1255 Lycia
600 1217 635 1245 et
670 1211 776 1246 Caria
803 1212 967 1245 rhetoras
992 1210 1053 1255 (a.
1079 1216 1102 1245 1.
1126 1212 1315 1254 rhetores)
1342 1220 1459 1254 paene
1489 1219 1574 1243 can-

82 1259 170 1308 tare·
192 1254 232 1290 in
273 1256 424 1310 epilogis
469 1257 562 1291 dixit
594 1260 657 1300 11,
687 1259 731 1299 3,
774 1258 830 1294 58.
876 1256 1188 1310 philosophis
1227 1255 1279 1290 uti
1318 1256 1573 1306 rhetorum

83 1311 210 1381 :ffi-
232 1311 424 1391 3¹‚⁰¹1¹2‚'¹¹1¹3.
437 1305 503 1389 ¹0²ss
515 1306 575 1382 15ἰί
594 1303 841 1392 31.¹{¹?¹;‘‚¹¹¹3¹.¹
857 1304 1175 1393 §QZ—¹223&
1193 1303 1242 1383 30’
1260 1301 1575 1382 (1.3.ιέἆέἰὲῑῖἲί

83 1393 271 1428 rhetorum*
294 1398 335 1437 1,
358 1397 404 1435 2,
434 1396 477 1428 13
499 1395 547 1430 Ν.
576 1406 660 1439 quas
692 1395 823 1438 primas
847 1395 886 1428 in
909 1396 1073 1429 docendo
1098 1399 1217 1439 partes
1245 1395 1430 1428 rhetorum
1453 1397 1574 1437 putem

83 1440 119 1481 2,
143 1437 179 1482 4,
204 1441 238 1474 1.
273 1450 363 1484 quae
386 1440 500 1484 prima
523 1452 602 1475 esse
626 1447 814 1485 praecepta
837 1442 1021 1475 rhetorum
1046 1440 1201 1475 diximus
1223 1443 1267 1484 2,
1290 1442 1331 1484 2,
1357 1442 1391 1473 1.
1428 1438 1467 1472 in
1494 1438 1574 1471 rhe-

83 1488 201 1518 torum
224 1485 355 1519 scholis
384 1489 439 1528 10,
464 1488 499 1529 5,
526 1485 581 1521 14.
614 1490 678 1529 12,
705 1490 747 1526 2,
771 1489 828 1521 23.
869 1487 1020 1533 Gorgias
1044 1486 1180 1521 rhetori
1204 1487 1250 1520 de
1279 1485 1442 1519 omnibus
1466 1484 1573 1517 rebus

84 1529 223 1572 putavit
246 1541 325 1564 esse
349 1530 539 1564 dicendum
558 1535 603 1573 2,
627 1535 692 1574 21,
716 1535 758 1565 21
779 1537 825 1568 Ζ.
846 1533 1052 1577 priusquam
1076 1533 1258 1565 tradantur
1281 1531 1418 1565 rhetori
1445 1529 1570 1573 (pueri)

85 1577 120 1616 1,
145 1576 204 1615 10,
226 1577 261 1607 1.
293 1575 445 1609 idoneos
468 1577 604 1610 rhetori
630 1587 760 1619 pueros
783 1581 818 1619 2,
842 1580 877 1619 3,
911 1581 943 1611 1.
972 1578 1085 1620 prima
1113 1590 1168 1621 ap.
1192 1578 1375 1611 rhetorem
1399 1576 1574 1610 elementa

83 1619 311 1653 tractabimus
334 1622 392 1654 Pr.
419 1624 476 1654 21.
501 1633 555 1665 ap.
583 1623 764 1656 rhetorem
787 1622 925 1656 initium
948 1623 995 1656 sit
1019 1622 1167 1657 historia
1190 1625 1235 1663 2,
1259 1621 1307 1664 4,
1334 1624 1378 1664 2;
1417 1619 1572 1665 Quando

81 1664 221 1700 rhetori
247 1666 439 1700 tradendus
463 1666 509 1700 sit
530 1667 647 1711 puer?
673 1670 708 1709 2,
734 1667 820 1713 Cap.
842 1671 874 1703 1.
906 1669 963 1702 De
985 1668 1139 1703 lectione
1164 1674 1345 1703 oratorum
1369 1671 1406 1702 et
1428 1665 1574 1701 histori-

85 1721 209 1744 corum
234 1722 291 1754 ap.
314 1713 494 1746 rhetorem
515 1715 551 1755 2,
579 1712 663 1757 Cap.
682 1715 716 1748 5.

3 1811 12 1818 .
41 1753 282 1797 Rhetorice·
331 1767 371 1809 a)
396 1769 473 1809 rh..
497 1768 555 1802 cui
578 1780 709 1803 nomen
731 1769 788 1805 vis
812 1769 1004 1815 eloquendi
1028 1769 1124 1804 dedit
1142 1772 1177 1812 2,
1202 1772 1236 1812 1,
1259 1768 1293 1804 5.
1315 1762 1573 1813 pulcherrimae

85 1812 142 1846 rei
163 1823 294 1846 nomen
316 1815 351 1855 2,
378 1814 434 1856 15,
459 1817 515 1849 17.
549 1815 686 1849 dicatur
709 1814 867 1850 activa
896 1817 958 1850 vel
981 1814 1407 1857 administrativa;
1430 1825 1513 1848 nam
1538 1819 1574 1848 et

85 1859 158 1892 hoc
182 1858 295 1901 ejusd.
318 1858 373 1892 rei
395 1869 527 1894 nomen
554 1867 609 1895 est
631 1863 671 1902 2,
697 1862 761 1904 18,
789 1861 822 1896 5.
850 1873 884 1895 υ.
905 1861 1150 1897 civilitas.
1184 1866 1225 1894 ut
1255 1860 1353 1903 Cic„
1392 1870 1482 1904 quae
1505 1859 1571 1893 rh.

86 1909 252 1943 vocetur,
275 1915 354 1938 esse
378 1905 697 1941 artificiosam
730 1907 1072 1951 eloquentiam
1098 1906 1191 1940 dicat
1211 1909 1246 1948 2,
1274 1909 1330 1949 17,
1353 1908 1388 1940 2.
1412 1905 1574 1950 plerique

91 1950 241 1984 credunt
264 1961 344 1983 eum
370 1949 571 1994 (Platonem)
595 1953 633 1986 in
656 1954 724 1987 hac
748 1964 827 1987 esse
851 1953 1043 1998 opinione,
1062 1958 1102 1987 ut
1124 1952 1329 1987 rhetoricen
1352 1962 1426 1985 non
1449 1956 1573 1992 artem,

91 1995 156 2029 sed
189 1994 352 2039 peritiam
383 1998 513 2040 quand.
544 1998 678 2044 gratiae
712 2010 754 2032 ac
789 1999 982 2043 voluptatis
1017 1998 1197 2032 existimet
1219 2000 1264 2041 2,
1293 1997 1357 2040 15,
1380 1996 1440 2031 24.
1478 1997 1575 2040 quod

90 2041 325 2086 justitiae
349 2039 590 2084 (adulationem
611 2043 722 2087 vocet)
745 2046 809 2079 rh.
842 2047 885 2079 ib.
910 2045 966 2079 25.
998 2045 1090 2078 bene
1114 2044 1234 2078 dicere
1262 2049 1315 2076 est
1339 2041 1573 2084 oratoris,

91 2086 339 2121 rhetorice
367 2088 412 2128 (S
422 2101 457 2131 p.
479 2109 525 2115 -—
542 2089 620 2133 ces)
643 2095 760 2124 tamen
785 2090 852 2124 erit
872 2090 960 2134 (Sp.
986 2090 1058 2133 est)
1085 2091 1177 2123 bene
1206 2088 1346 2123 dicendi
1369 2087 1517 2122 scientia
1539 2090 1574 2130 3,

92 2134 138 2175 3,
166 2134 210 2165 12
239 2135 282 2170 Ζ.
316 2133 600 2169 rhetoricen
641 2134 679 2168 in
710 2135 877 2169 Latinum
905 2137 1160 2170 transferentes
1193 2140 1268 2169 tum
1301 2133 1575 2176 oratoriam,

91 2183 168 2212 tum
190 2177 472 2213 oratoricem
499 2181 774 2215 nominaverunt
796 2184 839 2226 2,
870 2180 932 2224 14,
957 2184 990 2216 1.
1018 2181 1102 2222 illa,
1128 2181 1173 2214 de
1202 2191 1271 2225 qua
1295 2179 1475 2224 loquimur
1500 2180 1573 2221 rh.,

94 2223 174 2257 talis
204 2228 281 2266 est,
322 2223 435 2268 qualis
470 2226 741 2271 eloquentia
779 2229 822 2262 ib.
846 2229 882 2261 2.
912 2228 967 2260 rh.
1000 2226 1196 2261 maximum
1225 2237 1267 2259 ac
1298 2224 1575 2270 pulcherrimum

94 2279 184 2312 opus
209 2271 245 2311 2,
270 2271 326 2310 17,
348 2270 371 2303 3
394 2269 486 2313 (rh),
512 2283 602 2315 quae
624 2272 821 2316 speciosior
842 2278 946 2316 atque
973 2273 1128 2316 apertior
1149 2277 1248 2305 tanto
1273 2277 1348 2314 est,
1371 2272 1485 2315 (quam
1501 2273 1576 2304 dia-

96 2313 225 2363 lectice)
248 2317 284 2357 2,
311 2317 369 2357 20,
385 2317 421 2366 7.
442 2328 473 2351 v.
497 2317 777 2352 Dialectice.
824 2318 920 2364 Quid
941 2317 987 2352 sit
1009 2317 1090 2352 rh.?
1114 2319 1150 2359 2,
1173 2316 1262 2360 Cap.
1281 2318 1335 2352 15.
1359 2317 1404 2358 qs.
1429 2319 1464 2359 7,
1483 2318 1518 2356 3,
1542 2317 1576 2351 6.

94 2360 152 2411 rh.
177 2365 230 2393 est
254 2360 345 2394 bene
369 2361 510 2396 dicendi
531 2363 699 2403 scientia3
724 2369 784 2397 aut
805 2375 870 2407 per
892 2369 1022 2408 partes,
1043 2368 1097 2405 ut,
1119 2364 1174 2396 rh.
1201 2368 1254 2397 est
1276 2367 1374 2397 recte
1390 2362 1576 2397 invenien-

95 2405 150 2447 (11,
187 2410 225 2456 et
250 2405 488 2451 disponendi,
521 2414 556 2442 et
585 2409 777 2453 eloquendi
806 2420 887 2443 cum
913 2409 1014 2442 firma
1037 2408 1209 2443 memoria
1241 2413 1276 2442 et
1305 2419 1385 2442 cum
1407 2407 1576 2454 dignitate

96 2450 247 2485 actionis
274 2451 422 2486 scientia
445 2454 487 2495 5,
511 2455 574 2496 10,
598 2453 653 2489 54.
700 2455 759 2488 An
782 2455 877 2488 utilis
898 2455 983 2489 rh.?
1008 2457 1048 2496 2,
1075 2453 1162 2498 Cap.
1186 2454 1241 2488 16.
1282 2453 1343 2487 An
1367 2454 1424 2492 rh.
1449 2464 1506 2487 ars
1531 2453 1578 2488 sit

96 2499 135 2539 2,
158 2494 246 2540 cap.
266 2500 323 2532 17.
345 2509 380 2531 υ.
402 2497 500 2533 Ars.
524 2498 584 2532 An
607 2498 722 2534 virtus
745 2500 947 2534 rhetorice?
972 2503 1008 2542 2,
1032 2499 1119 2543 cap.
1139 2500 1195 2534 19.
1223 2510 1271 2533 ex
1294 2499 1420 2534 mediis
1443 2499 1576 2535 artibus

96 2542 262 2576 habenda
284 2541 330 2577 sit
354 2543 432 2586 rh.‚
457 2554 503 2577 an
525 2544 571 2578 sit
593 2544 706 2579 virtus
727 2548 771 2588 2,
795 2547 862 2588 20,
886 2547 918 2580 1.
942 2550 1112 2589 perpetua
1134 2544 1270 2587 oratio,
1292 2555 1384 2590 quae
1405 2546 1462 2580 rh.
1487 2545 1579 2580 dici-

97 2593 157 2622 tur
177 2590 222 2631 2,
246 2590 317 2631 20,
340 2591 376 2624 7.
410 2600 454 2624 ea
472 2591 551 2633 rh.,
583 2601 675 2634 quae
703 2590 748 2624 sit
775 2602 796 2625 a
821 2591 916 2625 bono
947 2590 1028 2626 viro
1057 2596 1160 2634 atque
1192 2591 1236 2625 ab
1263 2590 1341 2635 ipsa
1362 2591 1494 2627 virtute
1519 2602 1579 2625 se-

99 2634 222 2677 juncta
247 2637 283 2678 2,
306 2636 363 2674 17,
390 2638 447 2670 31.
472 2641 548 2670 erat
570 2637 626 2670 rh.
653 2647 712 2671 res
734 2648 863 2680 parva,
887 2636 918 2671 si
939 2646 1012 2670 uno
1036 2642 1072 2671 et
1095 2636 1199 2672 brevi
1221 2636 1438 2683 praescripto
1464 2635 1579 2672 conti-

99 2685 246 2714 neretur
268 2683 304 2723 2,
330 2683 388 2724 13,
412 2684 445 2715 2.
471 2681 538 2716 erit
563 2682 619 2716 rh.
646 2682 685 2716 in
712 2688 855 2718 oratore
879 2682 984 2717 etiam
1006 2687 1147 2718 tacente
1171 2685 1215 2726 2,
1239 2683 1304 2725 18,
1327 2685 1361 2718 3.
1383 2684 1438 2718 rh.
1464 2687 1500 2717 et
1522 2681 1580 2716 in-
