1728 3002
0 171 21 241 {a
698 183 807 239 Quis
1435 184 1517 224 749

0 243 15 265 ι.
830 242 835 245 <
1348 245 1359 249 ..

33 291 38 298 ¹
105 305 133 340 d
153 308 208 340 ost
228 312 376 338 necesse
398 300 576 346 ειη-ἤρετο
598 301 691 334 hanc
709 298 1027 346 transgressionem
1039 295 1075 340 4,
1092 299 1127 340 1,
1147 298 1203 332 78.
1233 296 1331 340 osss,
1355 300 1390 341 2,
1413 298 1458 332 73
1476 300 1522 331 Ζ.

28 381 35 385 ,
63 347 361 394 aerumnas-quid
378 357 468 392 opus
490 346 570 381 est?
594 347 638 388 8,
661 347 704 385 3.
727 347 773 379 26
797 357 830 380 v.
859 342 1011 390 Opus]
1060 342 1186 390 Quid
1210 353 1359 388 porro
1390 343 1522 377 'multus

41 396 145 432 nilus
167 395 366 430 et'assidun
391 393 498 428 lectio
521 391 642 437 juvat?
675 394 730 433 10,
755 394 790 432 7,
811 390 847 425 4.
882 403 915 425 v.
941 391 1101 424 Porro.
1134 389 1255 435 Quid
1279 394 1431 423 tamen
1453 399 1522 422 no-

20 447 147 480 meret
166 441 242 477 vim
264 439 426 475 Caesaris
449 447 510 473 ete.
534 437 695 483 quibusd,
720 437 758 470 in
778 436 870 471 locis
890 435 1094 471 assumere?
1120 438 1181 478 10,
1206 437 1250 479 2,
1275 436 1332 470 25.
1359 434 1411 478 εἰ,
1436 435 1522 480 quid

0 496 6 524 ¹-
46 486 203 523 orationi
222 484 336 531 prosit
359 483 519 527 (ironia),
542 489 696 528 apparet.
720 483 764 526 9,
791 486 832 526 1,
856 483 879 515 7
904 484 951 517 Ν.
976 494 1010 516 υ.
1034 481 1248 518 Prosum.
1290 482 1391 515 Nam
1415 480 1523 525 quid

0 547 14 568 ·.
46 534 86 569 hi
106 533 244 578 posnint
266 551 311 558 —
331 531 516 576 proprium
538 529 730 565 invenire?
766 529 996 573 quomodo
1031 527 1221 572 propositis
1255 537 1305 562 ex
1333 533 1435 571 parte
1468 527 1523 560 di-

0 571 156 659 {m
174 577 419 622 respondere?
442 579 478 620 2,
500 575 536 619 4,
562 577 620 611 28.
668 571 701 619 δ’)
726 577 897 608 transitum
917 574 1006 616 facit
1030 577 1054 608 ι’.
1081 587 1114 618 q.
1143 585 1285 617 porro.
1334 574 1373 616 a)
1395 576 1525 617 simpli-

0 662 3 664 ,
50 627 155 660 dier.-
197 623 315 670 Quid
339 627 531 657 stlocum
555 621 832 666 stliaeesqne'?
876 620 993 668 Quid
1017 621 1051 653 Τ
1073 619 1198 654 literae
1223 631 1304 654 cum
1325 619 1361 652 D
1390 629 1526 666 cogna-

49 670 192 713 tio-21,
214 669 252 718 ⁴>
276 669 321 704 16
344 670 391 703 Ν.
430 668 525 714 Quid
549 666 684 712 equus?
709 667 743 710 5,
769 669 826 710 11,
847 665 882 700 4.
927 666 1021 713 Quid
1044 676 1111 710 pro
1136 666 1301 700 Milone?
1324 666 1368 708 6,
1396 667 1437 709 5,
1467 668 1522 700 10.

49 715 195 764 Q'uid?
230 714 482 759 extemporalis
514 713 629 748 oratio
659 723 727 747 nec
758 712 829 747 alio
856 712 943 746 mihi
966 712 1110 748 videtur
1130 711 1259 746 mentis
1283 711 1410 757 vigore
1437 722 1526 746 con-

6 758 154 804 futare.
180 763 237 805 11,
260 763 296 804 2,
320 762 343 795 3
364 761 411 794 N.
453 759 548 806 Quid
571 757 755 794 Periclea-‘2
779 757 991 792 similemne
1014 757 1190 792 credimus
1217 765 1278 792 erc.
1304 760 1361 800 12,
1386 759 1443 800 10,
1467 757 1524 791 24.

2 852 8 882 7
45 894 51 898 ⁴
90 852 194 887 uid?
220 852 387 887 Herculis
413 857 493 885 acta
521 861 614 885 non
636 851 727 895 bene
751 850 964 884 Pisandros?
1001 850 1153 897 Quid?
1178 850 1393 884 Nicandrum
1415 849 1528 883 secuti

0 928 1 933 ,
48 899 176 934 Macer
203 904 308 943 atque
333 897 380 932 V‘
426 896 531 930 wius?
564 896 707 939 Quid?
739 896 1005 940 Euphorionem
1030 896 1282 930 transibimus?
1306 913 1351 920 -—
1374 894 1525 939 Quid?

0 955 9 990 ,ᾗ
34 947 39 956 ¹
48 943 220 980 Horatius
240 945 372 977 frustra
426 948 586 987 yrtaeum
609 943 768 976 Homero
791 941 998 988 subjungit?
1022 945 1079 984 ,10,
1100 945 1135 984 1,
1161 943 1214 977 56.
1264 941 1456 988 Quid'Ion
1470 951 1525 974 on

2 992 9 1002 ¹
31 993 144 1034 „haec
161 989 316 1025 varietas
335 988 424 1024 mira
445 989 523 1023 est?
559 991 614 1032 11,
640 991 676 1031 2,
699 988 734 1022 6.
759 987 805 1029 cf.
830 990 863 1029 1,
889 988 924 1030 6,
950 987 1019 1022 25.-
1031 990 1067 1030 2,
1091 989 1148 1030 20,
1172 989 1205 1022 8.
1229 988 1264 1028 6,
1290 989 1324 1029 3,
1348 987 1405 1021 68.
1431 988 1466 1029 9,
1490 985 1527 1030 4,

20 1036 232 1079 ι139-12,
247 1038 292 1078 2,
313 1035 350 1070 9.
405 1033 454 1078 b)
481 1033 600 1080 Qu÷id
623 1034 762 1080 ergo?
786 1033 1028 1067 Imminuenda
1053 1033 1178 1077 quaed.
1206 1038 1242 1066 et
1266 1033 1440 1067 elevanda
1465 1039 1526 1066 etc.

23 1080 237 1118 ,enuntio
257 1079 295 1124 4,
319 1082 353 1122 1,
376 1080 435 1114 38.
469 1079 598 1126 Quid
623 1079 760 1126 ergo?
792 1080 980 1123 Nunquam
1000 1079 1090 1112 haec
1113 1089 1220 1122 supra
1243 1078 1351 1112 fidem
1373 1079 1528 1112 themata

32 1126 63 1136 ’”
146 1137 239 1161 us
259 1131 476 1170 pertractare
500 1124 768 1169 permittemus?
791 1128 836 1168 2,
863 1128 927 1167 10,
951 1127 985 1160 5.
1022 1124 1148 1171 Quid
1172 1123 1315 1171 ergo?
1348 1134 1444 1158 nou
1472 1128 1528 1158 est

7 1201 10 1204 ,
103 1173 156 1217 ’,
179 1172 297 1207 omnia
318 1171 372 1206 sic
393 1171 533 1213 dicere,
562 1172 741 1217 quomodo
767 1171 820 1205 Μ.
844 1170 984 1204 Tullius
1007 1170 1101 1204 dixit
1126 1172 1183 1213 10,
1210 1173 1246 1212 2,
1271 1171 1327 1204 25.
1363 1169 1407 1211 cf.
1433 1172 1468 1212 2,
1493 1171 1528 1211 3,

36 1227 50 1257 ,“
117 1221 160 1262 2,
182 1221 225 1253 21
240 1243 252 1263 ,
276 1218 332 1252 15.
363 1219 426 1260 10,
448 1220 492 1260 2,
515 1219 572 1255 25.
609 1217 722 1262 Quid
744 1216 888 1251 vero?
928 1227 1017 1261 quae
1045 1220 1120 1250 tola
1141 1215 1329 1260 positionis
1352 1216 1465 1259 ejusd.
1488 1215 1527 1249 in

8 1260 13 1308 Τ,
51 1271 214 1300 ·=vmos
246 1263 364 1298 flexus
386 1263 544 1297 exeunt?
574 1265 616 1306 1,
643 1263 689 1305 6,
714 1263 770 1297 15.
812 1261 932 1308 Quid
963 1261 1104 1297 vero?
1137 1262 1168 1296 si
1191 1263 1300 1306 paulo
1324 1267 1379 1295 est
1401 1261 1525 1295 durior

218 1319 305 1344 non
330 1308 586 1343 ‘benevolentia
619 1308 745 1350 iudicis
773 1309 924 1352 petenda
948 1319 997 1342 ex
1019 1307 1097 1341 aliis
1122 1308 1280 1352 partibus
1306 1307 1372 1342 erit
1396 1315 1457 1342 etc.
1491 1306 1526 1350 4,

54 1373 62 1389 ›
86 1357 172 1398 12&
249 1355 328 1389 uid
350 1355 526 1388 multa?
553 1356 588 1397 8,
611 1356 646 1398 3,
670 1355 727 1389 26.
773 1354 1075 1400 Quid‘plura?
1099 1354 1134 1397 9,
1160 1357 1193 1395 2,
1218 1353 1274 1389 57.
1302 1355 1359 1396 12,
1387 1355 1445 1396 11,
1468 1352 1525 1386 24.

32 1390 83 1449 ,ᾗ
99 1410 117 1447 ζ,
155 1400 202 1435 ui
239 1401 260 1434 ¹2
284 1401 404 1446 quod
430 1412 470 1434 se
492 1401 618 1435 eadem
645 1399 839 1447 geometria
860 1400 953 1433 tollit
979 1400 1023 1433 ad
1045 1399 1219 1434 rationem
1240 1409 1354 1444 usque
1375 1399 1526 1432 mundi?

34 1449 136 1491 -ει
169 1471 180 1491 ,
203 1445 262 1482 46.
293 1446 338 1489 ff.
362 1449 404 1490 2,
429 1449 485 1490 17,
508 1447 563 1482 39.
595 1445 631 1488 4,
655 1446 690 1488 5,
713 1449 748 1480 7.
776 1449 811 1488 7,
835 1447 870 1489 3,
895 1446 951 1480 16.
987 1448 1050 1488 11,
1073 1448 1109 1487 2,
1134 1449 1168 1480 7.
1258 1445 1378 1479 uid?
1406 1446 1529 1489 quod

28 1487 42 1528 Τ
64 1493 220 1538 lei-nipe
241 1503 309 1527 nos
331 1492 394 1526 illa
415 1492 523 1537 quasi
539 1492 716 1538 mugiente
738 1491 841 1526 litera
864 1490 1037 1525 cludimus
1063 1492 1106 1525 M
1129 1499 1190 1525 etc.
1264 1490 1369 1524 uid?
1407 1491 1530 1535 quod

51 1539 209 1587 uyssnbae
239 1543 381 1572 nostrae
403 1537 443 1571 in
466 1538 496 1570 B
520 1538 656 1571 literam
684 1542 720 1571 et
744 1539 782 1570 D‘
803 1536 1002 1570 innituntur
1028 1538 1118 1570 adeo
1142 1548 1266 1581 aspere
1293 1544 1353 1570 etc.
1378 1539 1442 1577 12,
1471 1539 1529 1579 10,

32 1585 43 1606 *-
57 1584 123 1619 31:
149 1581 294 1626 Quid?
321 1582 360 1616 si
383 1583 591 1627 plerumque
617 1582 764 1623 accidit,
787 1588 827 1614 ut
849 1582 1013 1615 faciliora
1040 1582 1110 1615 sint
1134 1584 1178 1615 ad
1202 1581 1469 1628 intelligendum
1492 1587 1530 1615 et

25 807 186 842 uid?
209 806 248 841 in
265 806 386 843 verbis
409 813 470 840 etc.
494 815 615 839 nonne
637 804 780 838 hnmani
803 804 938 851 ingenii
959 805 1105 839 modum
1130 803 1302 839 excedit?
1331 806 1386 846 10,
1412 807 1447 846 1,
1469 805 1525 838 50.

58 1675 79 1706 1
104 1697 114 1706 .
137 1673 172 1713 9,
194 1674 229 1714 2,
250 1672 310 1706 83.
346 1672 490 1717 Quid?
519 1671 560 1705 si
583 1674 718 1718 agenda
741 1671 922 1707 navalium
943 1672 1055 1713 cura?
1082 1674 1117 1715 5,
1146 1675 1202 1715 10,
1225 1674 1282 1708 89.
1323 1672 1465 1717 Quid?
1489 1672 1528 1705 si

24 1717 171 1765 ripsum
194 1716 376 1755 audissetis
399 1719 455 1759 11,
479 1719 514 1759 3,
542 1720 577 1751 7.
615 1717 761 1763 Quid?
786 1717 966 1756 sienim
989 1717 1083 1751 dicat
1109 1718 1187 1762 quis
1210 1720 1245 1761 3,
1271 1718 1303 1760 6,
1330 1719 1364 1753 6.
1408 1717 1527 1764 Quid

24 1762 204 1806 ,fr-enim?
227 1762 266 1796 si
288 1762 483 1807 praecipias
505 1762 727 1806 imperatori,
751 1762 913 1807 quotiens
941 1763 1054 1796 aciem
1075 1763 1244 1807 instruet,
1279 1763 1345 1796 diri
1371 1769 1406 1797 at
1427 1765 1528 1797 fron-

22 1816 43 1824 '·
72 1818 129 1842 em
157 1807 244 1842 eta?
293 1808 371 1842 Erit
399 1809 487 1842 haec
515 1808 656 1853 quidem
680 1808 877 1843 rectissima
909 1809 1061 1843 fortasse
1088 1810 1201 1852 ratio,
1242 1819 1335 1854 quoa
1382 1809 1525 1852 lioebir3

42 1855 275 1935 ‚²24e1m92,
303 1855 365 1897 13,
388 1855 422 1887 3.
473 1853 624 1900 Quid?
664 1865 767 1888 cum
798 1865 857 1889 res
891 1854 1128 1889 atrocissimas
1155 1856 1336 1891 elevamus
1362 1857 1544 1893 consulto

150 1925 162 1943 ,
187 1903 203 1933 1
231 1922 243 1933 .

50 1979 55 1982 -
99 1955 160 2000 Π)
195 1955 340 1999 adjeet..·
376 1954 478 2000 quis
510 1954 677 1990 testis?
713 1955 815 2001 quis
843 1955 1020 1991 index?
1055 1958 1178 2003 quod
1207 1957 1388 2001 pretium?
1422 1957 1526 2002 quis

35 2001 304 2036 mucius?
326 2004 362 2044 7,
380 2004 415 2045 2,
435 2000 490 2038 54.
517 2002 608 2035 Nam
625 2001 841 2050 epilogus
860 2002 1002 2046 quidem
1022 2004 1291 2048 quisunquam
1309 2003 1439 2047 poterit
1456 2004 1526 2037 illis

69 2055 72 2060 ·
115 2047 183 2081 ami
201 2063 243 2071 —
258 2046 420 2091 precibus
443 2046 611 2092 aequari?
638 2049 695 2090 10,
720 2050 755 2091 1,
781 2048 837 2083 50.
863 2049 962 2092 quis
985 2047 1037 2092 (a.
1056 2054 1078 2083 1.
1101 2048 1180 2095 qui)
1208 2050 1267 2083 hic
1289 2049 1407 2083 illuxit
1430 2050 1525 2083 dies

17 2100 24 2103 ’
48 2090 141 2134 ;ἷσ.
164 2094 211 2136 9,
233 2090 276 2136 4,
300 2092 345 2127 76
368 2093 414 2126 Ν.
440 2105 486 2126 cr.
511 2092 610 2136 quis
634 2093 759 2140 agendi
786 2093 912 2128 debeat
939 2105 1018 2129 esse
1042 2094 1164 2129 finis
1189 2096 1253 2128 Pr.
1273 2098 1330 2128 22.
1355 2097 1396 2137 3,
1423 2098 1463 2138 1,
1491 2098 1524 2129 1.

87 2163 100 2182 ,
124 2141 188 2182 17,
211 2140 268 2175 22,
301 2136 408 2182 quis
439 2137 507 2172 erit
530 2138 690 2172 modus
714 2141 771 2182 10,
800 2142 833 2182 1,
858 2141 915 2174 38.
963 2140 1078 2186 Quis
1100 2141 1196 2175 inter
1219 2141 1310 2174 haec
1331 2139 1443 2174 literis
1467 2146 1526 2174 aut

48 2188 105 2231 Ἴ·ζ
139 2185 254 2226 bonae
285 2183 350 2217 arti
378 2184 509 2218 locus
533 2185 599 2228 12,
623 2186 663 2226 1,
686 2187 720 2218 7.
757 2195 825 2218 nec
848 2184 952 2229 quis
980 2184 1078 2230 (Sp.
1103 2186 1164 2231 qui
1188 2185 1255 2227 sit)
1286 2196 1526 2228 numerus,

48 2240 53 2250 ’
86 2244 92 2258 2
146 2240 235 2275 quae
259 2228 401 2262 nomina
425 2247 466 2254 -·
491 2227 573 2270 sint,
601 2228 792 2264 conveniat
816 2231 850 2271 3,
873 2230 910 2273 6,
933 2233 979 2264 22
1006 2235 1049 2265 Ζ.
1073 2232 1173 2275 quis
1199 2232 1311 2264 ordo
1341 2230 1386 2264 sit
1405 2241 1525 2264 rerum

35 2277 168 2326 ,10,
189 2276 224 2309 8.
252 2273 297 2315 cs.
319 2275 373 2308 13.
396 2273 499 2318 quis
523 2273 617 2326 enim
638 2275 753 2308 bonus
775 2286 904 2319 parens
928 2276 964 2318 6,
991 2277 1052 2328 ΡΥ..
1064 2275 1098 2310 4.
1126 2276 1203 2320 quis
1224 2276 1403 2335 pictor-—
1421 2275 1525 2320 quis

71 2327 144 2401 οξ
164 2320 293 2400 sabe}-³4
287 2321 471 2354 vasculum
492 2320 655 2364 aliquod,
682 2321 786 2365 quale
813 2331 994 2366 nunquam
1016 2322 1177 2365 viderat,
1204 2321 1317 2356 feclt'?
1352 2335 1382 2364 ι,
1411 2324 1466 2364 10,
1490 2323 1524 2357 9.

70 2385 99 2398 4·
145 2390 157 2409 ’
208 2391 219 2409 ‚
294 2391 304 2400 ο

31 2433 36 2493 ζ
175 2445 335 2486 indefinii.
373 2444 423 2485 α)
447 2441 525 2477 sive
548 2447 672 2476 contra
694 2462 740 2469 —
756 2443 910 2487 auspicia
932 2443 1127 2479 aliudve
1150 2443 1277 2488 quid,
1305 2445 1400 2488 quod
1429 2442 1476 2487 (a.
1498 2449 1521 2478 1.

33 2491 58 2537 *j
79 2489 239 2533 ,¹¹quid)
263 2489 428 2543 legitimis
461 2489 577 2522 obstet
598 2490 642 2530 2,
664 2487 699 2529 4,
722 2489 779 2522 35.
804 2491 851 2522 Ν.
877 2501 924 2522 cr.
969 2500 1003 2523 v.
1030 2489 1179 2523 Alius.
1219 2491 1371 2533 pecunia
1404 2495 1521 2533 potest

36 2540 41 2549 ⁴
67 2537 102 2571 ζ(
150 2536 240 2569 male
262 2541 315 2570 uti
339 2535 379 2578 5,
407 2534 468 2575 14,
491 2534 548 2568 25.
570 2533 700 2567 fecisse
726 2532 812 2578 quid
834 2533 1032 2577 hominem,
1055 2540 1095 2568 ut
1116 2536 1257 2569 leonem
1279 2536 1321 2577 8,
1344 2535 1385 2577 6,
1411 2537 1445 2570 9.
1470 2535 1520 2579 id,
1540 2533 1541 2537 ’

75 2599 82 2623 1
96 2593 113 2606 ιν
131 2594 135 2605 ·
168 2585 292 2614 corma
314 2585 385 2623 est,
406 2589 490 2613 raro
513 2579 639 2612 audeat
661 2578 762 2623 quis,
784 2578 854 2621 nisi
870 2585 976 2624 poeta
996 2581 1039 2622 8,
1064 2581 1100 2622 6,
1125 2581 1182 2615 25.
1209 2581 1277 2614 hos
1300 2590 1381 2615 sero
1397 2581 1521 2634 potius

38 2630 45 2666 g
88 2635 145 2653 ww
175 2635 354 2670 nunquam
378 2624 541 2659 didicisse
564 2623 643 2668 quis
666 2623 797 2658 dixerit
818 2627 860 2667 2,
886 2628 951 2667 17,
975 2628 1029 2659 12.
1063 2626 1108 2666 es.
1133 2627 1168 2668 3,
1195 2628 1231 2668 3,
1259 2627 1314 2661 13.
1346 2627 1407 2660 ubi
1432 2637 1520 2660 con-

41 2678 45 2687 ’
63 2671 104 2715 ..‚‚‚'
141 2669 223 2712 qnid
249 2670 326 2705 fieri
348 2671 492 2705 omnino
515 2680 589 2704 nou
610 2680 715 2713 posse
737 2671 771 2711 3,
790 2671 827 2712 8,
850 2672 908 2705 25.
931 2671 1060 2705 fortius
1081 2682 1172 2706 vero
1194 2671 1279 2716 quid
1302 2671 1386 2716 (Sp.
1407 2672 1520 2716 quod)

43 2716 316 2757 ·‚;.<·...tmn
335 2721 453 2759 potest
479 2726 570 2757 esse,
598 2726 703 2759 quam
723 2715 883 2750 vinctum
904 2721 940 2750 et
964 2717 1057 2751 bene
1079 2718 1289 2752 collocatum
1312 2717 1346 2758 9,-
1372 2716 1408 2759 4,
1437 2719 1459 2751 5
1476 2722 1517 2750 Ζ.

59 2756 89 2789 ’5
130 2765 200 2800 poet
222 2762 323 2795 Pron.
350 2765 468 2795 νεῖαι
509 2760 773 2806 Qu0d=quis
803 2771 877 2795 non
905 2761 1045 2805 habuit,
1077 2772 1150 2797 non
1171 2762 1340 2808 perdidit:
1377 2763 1518 2808 Quem

117 1626 228 1665 'dieta
248 1627 381 1669 multo,
405 1638 495 1670 quae
518 1639 539 1660 a
563 1627 768 1661 doctissimo
796 1637 938 1671 quoque
961 1626 1148 1661 dicuntur?
1173 1631 1215 1670 2,
1239 1630 1281 1669 3,
1304 1629 1336 1662 8.
1363 1626 1408 1667 cf.
1433 1628 1467 1668 3,
1492 1629 1527 1669 6,
1578 1651 1582 1653 -
