<?xml version="1.0" encoding="UTF-8"?>
<!DOCTYPE html PUBLIC "-//W3C//DTD XHTML 1.0 Transitional//EN"
    "http://www.w3.org/TR/xhtml1/DTD/xhtml1-transitional.dtd">
<html xmlns="http://www.w3.org/1999/xhtml" xml:lang="en" lang="en">
 <head>
  <title>
</title>
<meta http-equiv="Content-Type" content="text/html;charset=utf-8" />
  <meta name='ocr-system' content='tesseract 3.04.00' />
  <meta name='ocr-capabilities' content='ocr_page ocr_carea ocr_par ocr_line ocrx_word'/>
</head>
<body>
  <div class='ocr_page' id='page_1' title='image "./lexiconquintilia06bonnuoft_0794.png"; bbox 0 0 1728 3002; ppageno 0'>
   <div class='ocr_carea' id='block_1_1' title="bbox 135 180 1178 243">
    <p class='ocr_par' dir='ltr' id='par_1_1' title="bbox 135 180 1178 243">
     <span class='ocr_line' id='line_1_1' title="bbox 135 180 1178 243; baseline -0.001 -16"><span class='ocrx_word' id='word_1_1' title='bbox 135 186 162 227; x_wconf 88' lang='grc'><strong>7</strong></span> <span class='ocrx_word' id='word_1_2' title='bbox 163 186 218 227; x_wconf 90' lang='grc'>02</span> <span class='ocrx_word' id='word_1_3' title='bbox 361 237 367 243; x_wconf 90' lang='lat'><strong><em>.</em></strong></span> <span class='ocrx_word' id='word_1_4' title='bbox 516 223 518 225; x_wconf 87' lang='lat'>.</span> <span class='ocrx_word' id='word_1_5' title='bbox 624 182 801 224; x_wconf 78' lang='lat' dir='ltr'>Profero</span> <span class='ocrx_word' id='word_1_6' title='bbox 832 207 887 215; x_wconf 97' lang='lat'>—</span> <span class='ocrx_word' id='word_1_7' title='bbox 916 180 1178 226; x_wconf 28' lang='lat' dir='ltr'>proficiscor*</span> 
     </span>
    </p>
   </div>
   <div class='ocr_carea' id='block_1_2' title="bbox 173 296 1672 531">
    <p class='ocr_par' dir='ltr' id='par_1_2' title="bbox 173 296 1672 531">
     <span class='ocr_line' id='line_1_2' title="bbox 178 296 1669 345; baseline 0.001 -10"><span class='ocrx_word' id='word_1_8' title='bbox 178 300 264 335; x_wconf 79' lang='lat' dir='ltr'>tia&#39;m</span> <span class='ocrx_word' id='word_1_9' title='bbox 289 305 351 332; x_wconf 74' lang='lat' dir='ltr'>etc.</span> <span class='ocrx_word' id='word_1_10' title='bbox 376 297 466 332; x_wconf 85' lang='lat' dir='ltr'>nihil</span> <span class='ocrx_word' id='word_1_11' title='bbox 491 309 567 340; x_wconf 85' lang='lat' dir='ltr'>ars,</span> <span class='ocrx_word' id='word_1_12' title='bbox 603 296 694 332; x_wconf 82' lang='lat' dir='ltr'>nihil</span> <span class='ocrx_word' id='word_1_13' title='bbox 718 296 896 341; x_wconf 86' lang='lat' dir='ltr'>studium,</span> <span class='ocrx_word' id='word_1_14' title='bbox 928 296 1018 331; x_wconf 88' lang='lat' dir='ltr'>nihil</span> <span class='ocrx_word' id='word_1_15' title='bbox 1042 299 1137 340; x_wconf 86' lang='lat' dir='ltr'>prof.</span> <span class='ocrx_word' id='word_1_16' title='bbox 1163 297 1242 340; x_wconf 72' lang='lat' dir='ltr'>ipse</span> <span class='ocrx_word' id='word_1_17' title='bbox 1264 299 1439 341; x_wconf 71' lang='lat' dir='ltr'>profuerit</span> <span class='ocrx_word' id='word_1_18' title='bbox 1469 303 1536 344; x_wconf 77' lang='lat'>12,</span> <span class='ocrx_word' id='word_1_19' title='bbox 1563 301 1584 336; x_wconf 83' lang='lat'>5</span> <span class='ocrx_word' id='word_1_20' title='bbox 1598 327 1610 345; x_wconf 94' lang='lat'>,</span> <span class='ocrx_word' id='word_1_21' title='bbox 1635 304 1669 336; x_wconf 87' lang='lat'>2.</span> 
     </span>
     <span class='ocr_line' id='line_1_3' title="bbox 173 343 1670 390; baseline -0.001 -9"><span class='ocrx_word' id='word_1_22' title='bbox 173 347 358 390; x_wconf 82' lang='lat' dir='ltr'>profectus</span> <span class='ocrx_word' id='word_1_23' title='bbox 397 343 508 390; x_wconf 87' lang='lat' dir='ltr'>gratia</span> <span class='ocrx_word' id='word_1_24' title='bbox 552 346 592 386; x_wconf 90' lang='grc'>2,</span> <span class='ocrx_word' id='word_1_25' title='bbox 629 346 694 386; x_wconf 87' lang='grc'>10,</span> <span class='ocrx_word' id='word_1_26' title='bbox 730 346 763 379; x_wconf 84' lang='lat'>9.</span> <span class='ocrx_word' id='word_1_27' title='bbox 829 344 875 378; x_wconf 79' lang='lat' dir='ltr'>ad</span> <span class='ocrx_word' id='word_1_28' title='bbox 910 345 1110 385; x_wconf 86' lang='lat' dir='ltr'>profectum</span> <span class='ocrx_word' id='word_1_29' title='bbox 1143 354 1234 386; x_wconf 74' lang='lat' dir='ltr'>opus</span> <span class='ocrx_word' id='word_1_30' title='bbox 1277 351 1332 380; x_wconf 87' lang='lat' dir='ltr'>est</span> <span class='ocrx_word' id='word_1_31' title='bbox 1362 347 1480 381; x_wconf 79' lang='lat' dir='ltr'>studio</span> <span class='ocrx_word' id='word_1_32' title='bbox 1511 357 1585 382; x_wconf 89' lang='lat' dir='ltr'>non</span> <span class='ocrx_word' id='word_1_33' title='bbox 1612 347 1670 381; x_wconf 89' lang='lat' dir='ltr'>in-</span> 
     </span>
     <span class='ocr_line' id='line_1_4' title="bbox 178 390 1670 440; baseline -0.001 -13"><span class='ocrx_word' id='word_1_34' title='bbox 178 392 382 440; x_wconf 75' lang='lat' dir='ltr'><strong>dignatione</strong></span> <span class='ocrx_word' id='word_1_35' title='bbox 407 393 462 433; x_wconf 90' lang='lat'>10,</span> <span class='ocrx_word' id='word_1_36' title='bbox 481 393 515 433; x_wconf 89' lang='lat'>3,</span> <span class='ocrx_word' id='word_1_37' title='bbox 537 392 591 424; x_wconf 89' lang='lat'>15.</span> <span class='ocrx_word' id='word_1_38' title='bbox 617 396 784 435; x_wconf 86' lang='lat' dir='ltr'>quantum</span> <span class='ocrx_word' id='word_1_39' title='bbox 808 390 853 424; x_wconf 86' lang='lat' dir='ltr'>sit</span> <span class='ocrx_word' id='word_1_40' title='bbox 870 391 1061 424; x_wconf 86' lang='lat' dir='ltr'>collaturus</span> <span class='ocrx_word' id='word_1_41' title='bbox 1085 392 1129 424; x_wconf 90' lang='lat' dir='ltr'>ad</span> <span class='ocrx_word' id='word_1_42' title='bbox 1146 392 1238 432; x_wconf 76' lang='lat' dir='ltr'>prof.</span> <span class='ocrx_word' id='word_1_43' title='bbox 1264 392 1475 427; x_wconf 75' lang='lat' dir='ltr'>discentium</span> <span class='ocrx_word' id='word_1_44' title='bbox 1496 393 1619 428; x_wconf 85' lang='lat' dir='ltr'>rhetor</span> <span class='ocrx_word' id='word_1_45' title='bbox 1635 399 1670 435; x_wconf 82' lang='grc'>2,</span> 
     </span>
     <span class='ocr_line' id='line_1_5' title="bbox 178 436 1672 483; baseline 0.001 -13"><span class='ocrx_word' id='word_1_46' title='bbox 178 443 213 482; x_wconf 82' lang='grc'>5,</span> <span class='ocrx_word' id='word_1_47' title='bbox 239 442 271 473; x_wconf 91' lang='lat'>1.</span> <span class='ocrx_word' id='word_1_48' title='bbox 321 438 363 471; x_wconf 90' lang='lat' dir='ltr'>ad</span> <span class='ocrx_word' id='word_1_49' title='bbox 393 448 495 481; x_wconf 87' lang='lat' dir='ltr'>quem</span> <span class='ocrx_word' id='word_1_50' title='bbox 518 436 789 483; x_wconf 82' lang='lat' dir='ltr'>intelligendum</span> <span class='ocrx_word' id='word_1_51' title='bbox 813 437 884 480; x_wconf 84' lang='lat' dir='ltr'>jam</span> <span class='ocrx_word' id='word_1_52' title='bbox 911 439 1075 479; x_wconf 83' lang='lat' dir='ltr'>profectu</span> <span class='ocrx_word' id='word_1_53' title='bbox 1099 447 1189 478; x_wconf 86' lang='lat' dir='ltr'>opus</span> <span class='ocrx_word' id='word_1_54' title='bbox 1213 439 1258 472; x_wconf 81' lang='lat' dir='ltr'>sit</span> <span class='ocrx_word' id='word_1_55' title='bbox 1279 441 1322 472; x_wconf 75' lang='lat' dir='ltr'>ib.</span> <span class='ocrx_word' id='word_1_56' title='bbox 1337 440 1391 475; x_wconf 85' lang='lat'>19.</span> <span class='ocrx_word' id='word_1_57' title='bbox 1417 439 1467 473; x_wconf 77' lang='lat' dir='ltr'>ita</span> <span class='ocrx_word' id='word_1_58' title='bbox 1490 440 1672 481; x_wconf 66' lang='lat' dir='ltr'>superiore</span> 
     </span>
     <span class='ocr_line' id='line_1_6' title="bbox 179 482 1598 531; baseline 0.001 -12"><span class='ocrx_word' id='word_1_59' title='bbox 179 482 434 531; x_wconf 82' lang='lat' dir='ltr'>quisque&#39;loco</span> <span class='ocrx_word' id='word_1_60' title='bbox 459 484 696 524; x_wconf 82' lang='lat' dir='ltr'>declamabat,</span> <span class='ocrx_word' id='word_1_61' title='bbox 717 487 758 516; x_wconf 89' lang='lat' dir='ltr'>ut</span> <span class='ocrx_word' id='word_1_62' title='bbox 784 484 999 524; x_wconf 85' lang='lat' dir='ltr'>praecedere</span> <span class='ocrx_word' id='word_1_63' title='bbox 1022 484 1187 525; x_wconf 79' lang='lat' dir='ltr'>profectu</span> <span class='ocrx_word' id='word_1_64' title='bbox 1209 484 1399 519; x_wconf 75' lang='lat' dir='ltr'>videbatur</span> <span class='ocrx_word' id='word_1_65' title='bbox 1422 488 1456 528; x_wconf 89' lang='lat'>1,</span> <span class='ocrx_word' id='word_1_66' title='bbox 1479 488 1515 528; x_wconf 83' lang='lat'>2,</span> <span class='ocrx_word' id='word_1_67' title='bbox 1541 487 1598 520; x_wconf 85' lang='grc'>23.</span> 
     </span>
    </p>
   </div>
   <div class='ocr_carea' id='block_1_3' title="bbox 133 543 1674 738">
    <p class='ocr_par' dir='ltr' id='par_1_3' title="bbox 133 543 1674 738">
     <span class='ocr_line' id='line_1_7' title="bbox 133 543 1672 598; baseline 0.001 -13"><span class='ocrx_word' id='word_1_68' title='bbox 133 543 328 587; x_wconf 82' lang='lat' dir='ltr'>Profero.</span> <span class='ocrx_word' id='word_1_69' title='bbox 374 551 407 595; x_wconf 92' lang='lat'>1)</span> <span class='ocrx_word' id='word_1_70' title='bbox 435 554 606 596; x_wconf 62' lang='lat' dir='ltr'>propria.-</span> <span class='ocrx_word' id='word_1_71' title='bbox 644 563 729 598; x_wconf 23' lang='lat' dir='ltr'>cumr</span> <span class='ocrx_word' id='word_1_72' title='bbox 751 556 845 585; x_wconf 84' lang='lat' dir='ltr'>esset</span> <span class='ocrx_word' id='word_1_73' title='bbox 870 557 1037 585; x_wconf 90' lang='lat' dir='ltr'>cruentus</span> <span class='ocrx_word' id='word_1_74' title='bbox 1068 551 1205 597; x_wconf 83' lang='lat' dir='ltr'><strong>gladius</strong></span> <span class='ocrx_word' id='word_1_75' title='bbox 1241 552 1285 595; x_wconf 61' lang='lat' dir='ltr'>ab</span> <span class='ocrx_word' id='word_1_76' title='bbox 1324 558 1531 587; x_wconf 79' lang='lat' dir='ltr'><strong>accusatore</strong></span> <span class='ocrx_word' id='word_1_77' title='bbox 1552 554 1672 595; x_wconf 83' lang='lat' dir='ltr'>prola-</span> 
     </span>
     <span class='ocr_line' id='line_1_8' title="bbox 177 596 1671 644; baseline -0.001 -9"><span class='ocrx_word' id='word_1_78' title='bbox 177 608 234 635; x_wconf 90' lang='lat' dir='ltr'>tus</span> <span class='ocrx_word' id='word_1_79' title='bbox 258 601 294 642; x_wconf 87' lang='grc'>6,</span> <span class='ocrx_word' id='word_1_80' title='bbox 320 600 354 642; x_wconf 91' lang='grc'>1,</span> <span class='ocrx_word' id='word_1_81' title='bbox 380 598 436 633; x_wconf 87' lang='grc'>48.</span> <span class='ocrx_word' id='word_1_82' title='bbox 485 597 675 644; x_wconf 78' lang='lat' dir='ltr'>imaginem</span> <span class='ocrx_word' id='word_1_83' title='bbox 701 597 816 631; x_wconf 86' lang='lat' dir='ltr'>mariti</span> <span class='ocrx_word' id='word_1_84' title='bbox 843 606 908 639; x_wconf 90' lang='lat' dir='ltr'>pro</span> <span class='ocrx_word' id='word_1_85' title='bbox 933 609 995 631; x_wconf 88' lang='lat' dir='ltr'>rea</span> <span class='ocrx_word' id='word_1_86' title='bbox 1022 598 1185 639; x_wconf 81' lang='lat' dir='ltr'>proferre</span> <span class='ocrx_word' id='word_1_87' title='bbox 1219 600 1261 632; x_wconf 79' lang='lat' dir='ltr'>ib.</span> <span class='ocrx_word' id='word_1_88' title='bbox 1295 596 1353 633; x_wconf 71' lang='lat'>402</span> <span class='ocrx_word' id='word_1_89' title='bbox 1408 605 1593 640; x_wconf 82' lang='lat' dir='ltr'>praetexta</span> <span class='ocrx_word' id='word_1_90' title='bbox 1630 599 1671 634; x_wconf 90' lang='lat' dir='ltr'>C.</span> 
     </span>
     <span class='ocr_line' id='line_1_9' title="bbox 176 643 1674 687; baseline -0.002 -6"><span class='ocrx_word' id='word_1_91' title='bbox 176 645 340 683; x_wconf 73' lang='lat' dir='ltr'>Caesaris</span> <span class='ocrx_word' id='word_1_92' title='bbox 373 646 510 686; x_wconf 82' lang='lat' dir='ltr'>prolata</span> <span class='ocrx_word' id='word_1_93' title='bbox 533 644 571 678; x_wconf 87' lang='lat' dir='ltr'>in</span> <span class='ocrx_word' id='word_1_94' title='bbox 604 645 686 678; x_wconf 84' lang='lat' dir='ltr'>foro</span> <span class='ocrx_word' id='word_1_95' title='bbox 719 646 818 687; x_wconf 74' lang='lat' dir='ltr'>(opit.</span> <span class='ocrx_word' id='word_1_96' title='bbox 849 645 952 679; x_wconf 80' lang='lat' dir='ltr'>Codd.</span> <span class='ocrx_word' id='word_1_97' title='bbox 979 646 1089 685; x_wconf 82' lang='lat' dir='ltr'>prael.</span> <span class='ocrx_word' id='word_1_98' title='bbox 1113 643 1151 678; x_wconf 90' lang='lat' dir='ltr'>in</span> <span class='ocrx_word' id='word_1_99' title='bbox 1177 645 1318 681; x_wconf 68' lang='lat' dir='ltr'>funere)</span> <span class='ocrx_word' id='word_1_100' title='bbox 1355 647 1396 679; x_wconf 85' lang='lat' dir='ltr'>ib.</span> <span class='ocrx_word' id='word_1_101' title='bbox 1427 646 1491 683; x_wconf 76' lang='grc' dir='ltr'>31ι</span> <span class='ocrx_word' id='word_1_102' title='bbox 1508 646 1547 679; x_wconf 88' lang='lat' dir='ltr'>in</span> <span class='ocrx_word' id='word_1_103' title='bbox 1570 646 1674 680; x_wconf 80' lang='lat' dir='ltr'>tabu-</span> 
     </span>
     <span class='ocr_line' id='line_1_10' title="bbox 174 690 1672 738; baseline -0.002 -9"><span class='ocrx_word' id='word_1_104' title='bbox 174 695 245 738; x_wconf 87' lang='lat' dir='ltr'><strong>lis,</strong></span> <span class='ocrx_word' id='word_1_105' title='bbox 271 703 357 737; x_wconf 88' lang='lat' dir='ltr'>quas</span> <span class='ocrx_word' id='word_1_106' title='bbox 382 691 588 733; x_wconf 84' lang='lat' dir='ltr'>proferebat</span> <span class='ocrx_word' id='word_1_107' title='bbox 617 691 653 733; x_wconf 85' lang='lat'>6,</span> <span class='ocrx_word' id='word_1_108' title='bbox 677 692 711 731; x_wconf 87' lang='lat'>3,</span> <span class='ocrx_word' id='word_1_109' title='bbox 740 693 826 732; x_wconf 77' lang='lat'><em>1003</em></span> <span class='ocrx_word' id='word_1_110' title='bbox 869 695 1111 725; x_wconf 82' lang='lat' dir='ltr'>transversum</span> <span class='ocrx_word' id='word_1_111' title='bbox 1138 690 1321 724; x_wconf 79' lang='lat' dir='ltr'>brachium</span> <span class='ocrx_word' id='word_1_112' title='bbox 1343 692 1533 732; x_wconf 81' lang='lat' dir='ltr'>proferunt</span> <span class='ocrx_word' id='word_1_113' title='bbox 1557 694 1613 735; x_wconf 90' lang='lat'>11,</span> <span class='ocrx_word' id='word_1_114' title='bbox 1637 693 1672 733; x_wconf 86' lang='lat'>3,</span> 
     </span>
    </p>
   </div>
   <div class='ocr_carea' id='block_1_4' title="bbox 177 735 1725 781">
    <p class='ocr_par' dir='ltr' id='par_1_4' title="bbox 177 735 1725 781">
     <span class='ocr_line' id='line_1_11' title="bbox 177 735 1725 781; baseline -0.005 -4"><span class='ocrx_word' id='word_1_115' title='bbox 177 743 236 777; x_wconf 84' lang='lat'>93.</span> <span class='ocrx_word' id='word_1_116' title='bbox 272 739 310 772; x_wconf 88' lang='lat' dir='ltr'>in</span> <span class='ocrx_word' id='word_1_117' title='bbox 339 743 525 781; x_wconf 82' lang='lat' dir='ltr'>utramque</span> <span class='ocrx_word' id='word_1_118' title='bbox 546 742 681 778; x_wconf 77' lang='lat' dir='ltr'>partem</span> <span class='ocrx_word' id='word_1_119' title='bbox 707 736 848 770; x_wconf 89' lang='lat' dir='ltr'>modice</span> <span class='ocrx_word' id='word_1_120' title='bbox 870 738 1027 777; x_wconf 86' lang='lat' dir='ltr'>prolatus</span> <span class='ocrx_word' id='word_1_121' title='bbox 1057 735 1198 780; x_wconf 73' lang='lat' dir='ltr'>(gestus)</span> <span class='ocrx_word' id='word_1_122' title='bbox 1218 739 1261 770; x_wconf 78' lang='lat' dir='ltr'>ib.</span> <span class='ocrx_word' id='word_1_123' title='bbox 1276 738 1332 771; x_wconf 85' lang='lat'>92.</span> <span class='ocrx_word' id='word_1_124' title='bbox 1346 737 1488 772; x_wconf 73' lang='lat' dir='ltr'><strong>sinister</strong></span> <span class='ocrx_word' id='word_1_125' title='bbox 1504 740 1673 772; x_wconf 80' lang='lat' dir='ltr'>humerus</span> <span class='ocrx_word' id='word_1_126' title='bbox 1722 771 1725 775; x_wconf 75' lang='grc'><strong>,</strong></span> 
     </span>
    </p>
   </div>
   <div class='ocr_carea' id='block_1_5' title="bbox 173 782 1674 1382">
    <p class='ocr_par' dir='ltr' id='par_1_5' title="bbox 173 782 1674 1382">
     <span class='ocr_line' id='line_1_12' title="bbox 175 782 1670 834; baseline -0.001 -14"><span class='ocrx_word' id='word_1_127' title='bbox 175 785 415 834; x_wconf 71' lang='lat' dir='ltr'>proferendus</span> <span class='ocrx_word' id='word_1_128' title='bbox 427 790 491 818; x_wconf 86' lang='lat' dir='ltr'>&#39;est</span> <span class='ocrx_word' id='word_1_129' title='bbox 507 786 550 817; x_wconf 78' lang='lat' dir='ltr'>ib.</span> <span class='ocrx_word' id='word_1_130' title='bbox 564 786 641 817; x_wconf 84' lang='grc'><strong>113.</strong></span> <span class='ocrx_word' id='word_1_131' title='bbox 660 783 690 816; x_wconf 90' lang='lat' dir='ltr'>si</span> <span class='ocrx_word' id='word_1_132' title='bbox 706 784 818 824; x_wconf 85' lang='lat' dir='ltr'>prima</span> <span class='ocrx_word' id='word_1_133' title='bbox 827 783 970 825; x_wconf 84' lang='lat' dir='ltr'>(manus)</span> <span class='ocrx_word' id='word_1_134' title='bbox 982 785 1023 816; x_wconf 89' lang='lat' dir='ltr'>ad</span> <span class='ocrx_word' id='word_1_135' title='bbox 1034 782 1372 818; x_wconf 86' lang='lat' dir='ltr'>evocandumictum</span> <span class='ocrx_word' id='word_1_136' title='bbox 1391 785 1530 825; x_wconf 87' lang='lat' dir='ltr'>prolata</span> <span class='ocrx_word' id='word_1_137' title='bbox 1548 790 1622 821; x_wconf 86' lang='lat' dir='ltr'>erat</span> <span class='ocrx_word' id='word_1_138' title='bbox 1635 785 1670 827; x_wconf 83' lang='grc'>5,</span> 
     </span>
     <span class='ocr_line' id='line_1_13' title="bbox 176 829 1669 875; baseline -0.003 -7"><span class='ocrx_word' id='word_1_139' title='bbox 176 836 235 875; x_wconf 88' lang='grc'>13,</span> <span class='ocrx_word' id='word_1_140' title='bbox 247 833 303 867; x_wconf 86' lang='grc'>54.</span> <span class='ocrx_word' id='word_1_141' title='bbox 319 831 543 865; x_wconf 81' lang='lat' dir='ltr'>cumlaevam</span> <span class='ocrx_word' id='word_1_142' title='bbox 561 840 610 863; x_wconf 87' lang='lat' dir='ltr'>re</span> <span class='ocrx_word' id='word_1_143' title='bbox 621 835 684 862; x_wconf 86' lang='lat' dir='ltr'>str</span> <span class='ocrx_word' id='word_1_144' title='bbox 695 829 738 862; x_wconf 86' lang='lat' dir='ltr'>in</span> <span class='ocrx_word' id='word_1_145' title='bbox 749 840 770 875; x_wconf 87' lang='lat' dir='ltr'>g</span> <span class='ocrx_word' id='word_1_146' title='bbox 782 840 802 861; x_wconf 85' lang='lat' dir='ltr'>e</span> <span class='ocrx_word' id='word_1_147' title='bbox 813 840 871 869; x_wconf 79' lang='lat' dir='ltr'>re,</span> <span class='ocrx_word' id='word_1_148' title='bbox 891 840 938 872; x_wconf 89' lang='lat' dir='ltr'>pr</span> <span class='ocrx_word' id='word_1_149' title='bbox 949 831 1074 862; x_wconf 88' lang='lat' dir='ltr'>olata</span> <span class='ocrx_word' id='word_1_150' title='bbox 1093 830 1231 872; x_wconf 66' lang='lat' dir='ltr'>dextra,</span> <span class='ocrx_word' id='word_1_151' title='bbox 1250 829 1295 862; x_wconf 89' lang='lat' dir='ltr'>sit</span> <span class='ocrx_word' id='word_1_152' title='bbox 1304 829 1467 863; x_wconf 85' lang='lat' dir='ltr'>odiosum</span> <span class='ocrx_word' id='word_1_153' title='bbox 1480 832 1579 873; x_wconf 82' lang='lat'>11,3,</span> <span class='ocrx_word' id='word_1_154' title='bbox 1591 831 1669 864; x_wconf 88' lang='grc'><strong>131.</strong></span> 
     </span>
     <span class='ocr_line' id='line_1_14' title="bbox 174 874 1670 921; baseline -0.002 -9"><span class='ocrx_word' id='word_1_155' title='bbox 174 893 209 915; x_wconf 78' lang='grc' dir='ltr'>υ.</span> <span class='ocrx_word' id='word_1_156' title='bbox 225 881 264 913; x_wconf 90' lang='grc' dir='ltr'><strong><em>Μ</em></strong></span> <span class='ocrx_word' id='word_1_157' title='bbox 275 889 362 912; x_wconf 85' lang='lat' dir='ltr'>anu</span> <span class='ocrx_word' id='word_1_158' title='bbox 375 889 402 910; x_wconf 90' lang='lat' dir='ltr'>s.</span> <span class='ocrx_word' id='word_1_159' title='bbox 422 878 562 921; x_wconf 83' lang='lat' dir='ltr'>prolato</span> <span class='ocrx_word' id='word_1_160' title='bbox 577 877 705 910; x_wconf 81' lang='lat' dir='ltr'>dextro</span> <span class='ocrx_word' id='word_1_161' title='bbox 721 877 819 918; x_wconf 90' lang='lat'>11,3,</span> <span class='ocrx_word' id='word_1_162' title='bbox 833 876 910 909; x_wconf 76' lang='lat'><strong>124.</strong></span> <span class='ocrx_word' id='word_1_163' title='bbox 931 888 963 909; x_wconf 82' lang='lat' dir='ltr'>v.</span> <span class='ocrx_word' id='word_1_164' title='bbox 985 876 1010 908; x_wconf 90' lang='lat' dir='ltr'>P</span> <span class='ocrx_word' id='word_1_165' title='bbox 1024 886 1080 909; x_wconf 87' lang='lat' dir='ltr'>es.</span> <span class='ocrx_word' id='word_1_166' title='bbox 1100 876 1216 909; x_wconf 81' lang='lat' dir='ltr'>fusius</span> <span class='ocrx_word' id='word_1_167' title='bbox 1228 876 1335 919; x_wconf 85' lang='lat' dir='ltr'>paulo</span> <span class='ocrx_word' id='word_1_168' title='bbox 1354 875 1392 909; x_wconf 89' lang='lat' dir='ltr'>in</span> <span class='ocrx_word' id='word_1_169' title='bbox 1403 874 1592 910; x_wconf 39' lang='lat' dir='ltr'>*diversum</span> <span class='ocrx_word' id='word_1_170' title='bbox 1609 887 1670 909; x_wconf 87' lang='lat' dir='ltr'>re—</span> 
     </span>
     <span class='ocr_line' id='line_1_15' title="bbox 175 916 1670 967; baseline -0.005 -6"><span class='ocrx_word' id='word_1_171' title='bbox 175 922 516 967; x_wconf 79' lang='lat' dir='ltr'>solvitur-(manus),</span> <span class='ocrx_word' id='word_1_172' title='bbox 548 927 588 956; x_wconf 87' lang='lat' dir='ltr'>ut</span> <span class='ocrx_word' id='word_1_173' title='bbox 617 922 881 965; x_wconf 86' lang='lat' dir='ltr'>quodammodo</span> <span class='ocrx_word' id='word_1_174' title='bbox 900 932 1100 955; x_wconf 80' lang='lat' dir='ltr'>sermonem</span> <span class='ocrx_word' id='word_1_175' title='bbox 1120 919 1234 966; x_wconf 87' lang='lat' dir='ltr'>ipsum</span> <span class='ocrx_word' id='word_1_176' title='bbox 1264 916 1612 965; x_wconf 57' lang='lat' dir='ltr'>proferre‘videatur</span> <span class='ocrx_word' id='word_1_177' title='bbox 1626 924 1670 955; x_wconf 83' lang='lat' dir='ltr'>ib.</span> 
     </span>
     <span class='ocr_line' id='line_1_16' title="bbox 175 967 1672 1015; baseline -0.004 -7"><span class='ocrx_word' id='word_1_178' title='bbox 175 975 234 1008; x_wconf 87' lang='lat'>97.</span> <span class='ocrx_word' id='word_1_179' title='bbox 272 970 369 1014; x_wconf 74' lang='lat'><strong>11)1‘.</strong></span> <span class='ocrx_word' id='word_1_180' title='bbox 388 983 420 1015; x_wconf 83' lang='lat' dir='ltr'>q.</span> <span class='ocrx_word' id='word_1_181' title='bbox 444 971 535 1012; x_wconf 83' lang='lat' dir='ltr'>edo,</span> <span class='ocrx_word' id='word_1_182' title='bbox 558 972 709 1012; x_wconf 86' lang='lat' dir='ltr'>palam</span> <span class='ocrx_word' id='word_1_183' title='bbox 725 967 852 1010; x_wconf 80' lang='lat' dir='ltr'>facio</span> <span class='ocrx_word' id='word_1_184' title='bbox 867 982 877 1001; x_wconf 91' lang='grc'>.·</span> <span class='ocrx_word' id='word_1_185' title='bbox 904 969 997 1001; x_wconf 86' lang='lat' dir='ltr'>bona</span> <span class='ocrx_word' id='word_1_186' title='bbox 1013 968 1147 1014; x_wconf 80' lang='lat' dir='ltr'>ingenii</span> <span class='ocrx_word' id='word_1_187' title='bbox 1170 967 1412 1012; x_wconf 76' lang='lat' dir='ltr'>studiiqueiii</span> <span class='ocrx_word' id='word_1_188' title='bbox 1433 969 1576 1002; x_wconf 84' lang='lat' dir='ltr'>lucem.</span> <span class='ocrx_word' id='word_1_189' title='bbox 1597 978 1672 1003; x_wconf 83' lang='lat' dir='ltr'>non</span> 
     </span>
     <span class='ocr_line' id='line_1_17' title="bbox 174 1013 1672 1064; baseline -0.003 -11"><span class='ocrx_word' id='word_1_190' title='bbox 174 1019 314 1064; x_wconf 88' lang='lat' dir='ltr'>prolata</span> <span class='ocrx_word' id='word_1_191' title='bbox 340 1019 394 1059; x_wconf 85' lang='lat'>12,</span> <span class='ocrx_word' id='word_1_192' title='bbox 421 1017 453 1059; x_wconf 89' lang='lat'>5,</span> <span class='ocrx_word' id='word_1_193' title='bbox 480 1018 512 1049; x_wconf 89' lang='lat'>1.</span> <span class='ocrx_word' id='word_1_194' title='bbox 545 1028 576 1048; x_wconf 84' lang='lat' dir='ltr'>v.</span> <span class='ocrx_word' id='word_1_195' title='bbox 604 1015 714 1057; x_wconf 82' lang='lat' dir='ltr'>Lnx3</span> <span class='ocrx_word' id='word_1_196' title='bbox 752 1020 790 1047; x_wconf 89' lang='lat' dir='ltr'>ut</span> <span class='ocrx_word' id='word_1_197' title='bbox 815 1016 940 1058; x_wconf 82' lang='lat' dir='ltr'>quaed.</span> <span class='ocrx_word' id='word_1_198' title='bbox 969 1014 1006 1047; x_wconf 92' lang='lat' dir='ltr'>in</span> <span class='ocrx_word' id='word_1_199' title='bbox 1043 1015 1184 1048; x_wconf 85' lang='lat' dir='ltr'>actione</span> <span class='ocrx_word' id='word_1_200' title='bbox 1217 1013 1520 1048; x_wconf 85' lang='lat' dir='ltr'>dissimulata</span> <span class='ocrx_word' id='word_1_201' title='bbox 1554 1015 1672 1048; x_wconf 80' lang='lat' dir='ltr'>subito</span> 
     </span>
     <span class='ocr_line' id='line_1_18' title="bbox 173 1059 1673 1106; baseline -0.003 -7"><span class='ocrx_word' id='word_1_202' title='bbox 173 1067 214 1100; x_wconf 88' lang='lat' dir='ltr'>in</span> <span class='ocrx_word' id='word_1_203' title='bbox 241 1064 445 1098; x_wconf 86' lang='lat' dir='ltr'>altercando</span> <span class='ocrx_word' id='word_1_204' title='bbox 469 1062 782 1106; x_wconf 84' lang='lat' dir='ltr'>proferantur</span> <span class='ocrx_word' id='word_1_205' title='bbox 816 1063 850 1104; x_wconf 90' lang='grc'>6,</span> <span class='ocrx_word' id='word_1_206' title='bbox 875 1060 910 1103; x_wconf 88' lang='grc'>4,</span> <span class='ocrx_word' id='word_1_207' title='bbox 936 1059 991 1094; x_wconf 93' lang='grc'>14.</span> <span class='ocrx_word' id='word_1_208' title='bbox 1040 1060 1126 1104; x_wconf 84' lang='lat' dir='ltr'>quid</span> <span class='ocrx_word' id='word_1_209' title='bbox 1155 1060 1341 1104; x_wconf 85' lang='lat' dir='ltr'>protulerit</span> <span class='ocrx_word' id='word_1_210' title='bbox 1376 1060 1600 1095; x_wconf 83' lang='lat' dir='ltr'>adversarius</span> <span class='ocrx_word' id='word_1_211' title='bbox 1637 1066 1673 1095; x_wconf 86' lang='lat' dir='ltr'>et</span> 
     </span>
     <span class='ocr_line' id='line_1_19' title="bbox 174 1105 1672 1156; baseline -0.002 -12"><span class='ocrx_word' id='word_1_212' title='bbox 174 1111 357 1156; x_wconf 86' lang='lat' dir='ltr'>quomodo</span> <span class='ocrx_word' id='word_1_213' title='bbox 382 1110 415 1150; x_wconf 84' lang='lat'>5,</span> <span class='ocrx_word' id='word_1_214' title='bbox 441 1111 497 1155; x_wconf 69' lang='lat' dir='ltr'>¹x3²</span> <span class='ocrx_word' id='word_1_215' title='bbox 521 1107 557 1140; x_wconf 84' lang='lat'>4.</span> <span class='ocrx_word' id='word_1_216' title='bbox 605 1106 756 1141; x_wconf 86' lang='lat' dir='ltr'>candide</span> <span class='ocrx_word' id='word_1_217' title='bbox 779 1118 836 1140; x_wconf 89' lang='lat' dir='ltr'>me</span> <span class='ocrx_word' id='word_1_218' title='bbox 866 1113 937 1151; x_wconf 88' lang='lat' dir='ltr'>atq.</span> <span class='ocrx_word' id='word_1_219' title='bbox 968 1106 1176 1150; x_wconf 87' lang='lat' dir='ltr'>simpliciter</span> <span class='ocrx_word' id='word_1_220' title='bbox 1200 1106 1238 1140; x_wconf 87' lang='lat' dir='ltr'>in</span> <span class='ocrx_word' id='word_1_221' title='bbox 1270 1105 1431 1140; x_wconf 81' lang='lat' dir='ltr'>notitiam</span> <span class='ocrx_word' id='word_1_222' title='bbox 1464 1117 1608 1149; x_wconf 85' lang='lat' dir='ltr'>eorum,</span> <span class='ocrx_word' id='word_1_223' title='bbox 1642 1107 1672 1141; x_wconf 85' lang='lat' dir='ltr'>si</span> 
     </span>
     <span class='ocr_line' id='line_1_20' title="bbox 174 1152 1673 1202; baseline -0.003 -11"><span class='ocrx_word' id='word_1_224' title='bbox 174 1158 238 1202; x_wconf 83' lang='lat' dir='ltr'>qui</span> <span class='ocrx_word' id='word_1_225' title='bbox 261 1158 356 1191; x_wconf 88' lang='lat' dir='ltr'>forte</span> <span class='ocrx_word' id='word_1_226' title='bbox 380 1165 601 1201; x_wconf 76' lang='lat' dir='ltr'><strong>cognoscere</strong></span> <span class='ocrx_word' id='word_1_227' title='bbox 624 1154 843 1195; x_wconf 82' lang='lat' dir='ltr'>voluissent,</span> <span class='ocrx_word' id='word_1_228' title='bbox 866 1153 1057 1197; x_wconf 84' lang='lat' dir='ltr'>protulisse</span> <span class='ocrx_word' id='word_1_229' title='bbox 1082 1155 1136 1195; x_wconf 85' lang='lat'>12,</span> <span class='ocrx_word' id='word_1_230' title='bbox 1165 1155 1219 1194; x_wconf 88' lang='lat'>11,</span> <span class='ocrx_word' id='word_1_231' title='bbox 1238 1153 1272 1187; x_wconf 89' lang='grc'>8.</span> <span class='ocrx_word' id='word_1_232' title='bbox 1322 1157 1362 1186; x_wconf 86' lang='lat' dir='ltr'>ut</span> <span class='ocrx_word' id='word_1_233' title='bbox 1385 1164 1432 1179; x_wconf 80' lang='lat'>-‘-</span> <span class='ocrx_word' id='word_1_234' title='bbox 1459 1163 1540 1196; x_wconf 87' lang='lat' dir='ltr'>nec,</span> <span class='ocrx_word' id='word_1_235' title='bbox 1569 1152 1673 1198; x_wconf 88' lang='lat' dir='ltr'>quid-</span> 
     </span>
     <span class='ocr_line' id='line_1_21' title="bbox 173 1195 1674 1249; baseline -0.003 -12"><span class='ocrx_word' id='word_1_236' title='bbox 173 1204 261 1249; x_wconf 86' lang='lat' dir='ltr'>quid</span> <span class='ocrx_word' id='word_1_237' title='bbox 295 1208 349 1237; x_wconf 87' lang='lat' dir='ltr'>est</span> <span class='ocrx_word' id='word_1_238' title='bbox 377 1201 465 1235; x_wconf 88' lang='lat' dir='ltr'>illud</span> <span class='ocrx_word' id='word_1_239' title='bbox 499 1202 615 1234; x_wconf 87' lang='lat' dir='ltr'>adhuc</span> <span class='ocrx_word' id='word_1_240' title='bbox 652 1201 841 1242; x_wconf 89' lang='lat' dir='ltr'>acerbum,</span> <span class='ocrx_word' id='word_1_241' title='bbox 878 1201 1082 1244; x_wconf 85' lang='lat' dir='ltr'>proferatur</span> <span class='ocrx_word' id='word_1_242' title='bbox 1113 1202 1181 1242; x_wconf 78' lang='lat'>12,</span> <span class='ocrx_word' id='word_1_243' title='bbox 1205 1195 1257 1242; x_wconf 73' lang='lat'>6,</span> <span class='ocrx_word' id='word_1_244' title='bbox 1289 1200 1325 1233; x_wconf 85' lang='lat'>2.</span> <span class='ocrx_word' id='word_1_245' title='bbox 1385 1199 1525 1243; x_wconf 80' lang='lat' dir='ltr'><strong>profert</strong></span> <span class='ocrx_word' id='word_1_246' title='bbox 1554 1209 1674 1233; x_wconf 86' lang='lat' dir='ltr'>mores</span> 
     </span>
     <span class='ocr_line' id='line_1_22' title="bbox 173 1244 1673 1295; baseline -0.003 -12"><span class='ocrx_word' id='word_1_247' title='bbox 173 1253 382 1295; x_wconf 84' lang='lat' dir='ltr'>plerumque</span> <span class='ocrx_word' id='word_1_248' title='bbox 407 1246 520 1281; x_wconf 86' lang='lat' dir='ltr'>oratio</span> <span class='ocrx_word' id='word_1_249' title='bbox 550 1249 605 1287; x_wconf 83' lang='lat'>11,</span> <span class='ocrx_word' id='word_1_250' title='bbox 631 1249 664 1286; x_wconf 85' lang='lat'>1,</span> <span class='ocrx_word' id='word_1_251' title='bbox 689 1248 743 1280; x_wconf 83' lang='lat'>30.</span> <span class='ocrx_word' id='word_1_252' title='bbox 791 1256 877 1289; x_wconf 89' lang='lat' dir='ltr'>opes</span> <span class='ocrx_word' id='word_1_253' title='bbox 900 1247 1002 1279; x_wconf 83' lang='lat' dir='ltr'>velut</span> <span class='ocrx_word' id='word_1_254' title='bbox 1025 1245 1203 1279; x_wconf 84' lang='lat' dir='ltr'>sanctiore</span> <span class='ocrx_word' id='word_1_255' title='bbox 1221 1246 1330 1289; x_wconf 86' lang='lat' dir='ltr'>quod.</span> <span class='ocrx_word' id='word_1_256' title='bbox 1354 1244 1492 1279; x_wconf 81' lang='lat' dir='ltr'>aerario</span> <span class='ocrx_word' id='word_1_257' title='bbox 1515 1246 1673 1279; x_wconf 75' lang='lat' dir='ltr'>recca—&#39;-</span> 
     </span>
     <span class='ocr_line' id='line_1_23' title="bbox 174 1291 1673 1337; baseline -0.003 -7"><span class='ocrx_word' id='word_1_258' title='bbox 174 1296 329 1337; x_wconf 81' lang='lat' dir='ltr'>ditae,</span> <span class='ocrx_word' id='word_1_259' title='bbox 356 1294 451 1326; x_wconf 88' lang='lat' dir='ltr'>unde</span> <span class='ocrx_word' id='word_1_260' title='bbox 479 1294 522 1325; x_wconf 93' lang='lat' dir='ltr'>ad</span> <span class='ocrx_word' id='word_1_261' title='bbox 546 1291 681 1325; x_wconf 84' lang='lat' dir='ltr'>subitos</span> <span class='ocrx_word' id='word_1_262' title='bbox 707 1302 850 1335; x_wconf 87' lang='lat' dir='ltr'>quoque</span> <span class='ocrx_word' id='word_1_263' title='bbox 877 1303 980 1325; x_wconf 87' lang='lat' dir='ltr'>casus</span> <span class='ocrx_word' id='word_1_264' title='bbox 1003 1293 1230 1335; x_wconf 84' lang='lat' dir='ltr'>proferantur</span> <span class='ocrx_word' id='word_1_265' title='bbox 1257 1293 1321 1333; x_wconf 90' lang='lat'>10,</span> <span class='ocrx_word' id='word_1_266' title='bbox 1346 1293 1388 1334; x_wconf 88' lang='grc'>3,</span> <span class='ocrx_word' id='word_1_267' title='bbox 1411 1293 1444 1326; x_wconf 88' lang='grc'>3.</span> <span class='ocrx_word' id='word_1_268' title='bbox 1492 1291 1673 1336; x_wconf 83' lang='lat' dir='ltr'>plerisque</span> 
     </span>
     <span class='ocr_line' id='line_1_24' title="bbox 174 1336 1671 1382; baseline -0.005 -5"><span class='ocrx_word' id='word_1_269' title='bbox 174 1343 286 1377; x_wconf 83' lang='lat' dir='ltr'>:moris</span> <span class='ocrx_word' id='word_1_270' title='bbox 309 1346 386 1382; x_wconf 91' lang='lat' dir='ltr'>est,</span> <span class='ocrx_word' id='word_1_271' title='bbox 417 1340 555 1382; x_wconf 86' lang='lat' dir='ltr'>prolato</span> <span class='ocrx_word' id='word_1_272' title='bbox 580 1349 699 1371; x_wconf 88' lang='lat' dir='ltr'>rerum</span> <span class='ocrx_word' id='word_1_273' title='bbox 723 1337 867 1379; x_wconf 86' lang='lat' dir='ltr'>ordine,</span> <span class='ocrx_word' id='word_1_274' title='bbox 900 1337 1060 1380; x_wconf 88' lang='lat' dir='ltr'>protinus</span> <span class='ocrx_word' id='word_1_275' title='bbox 1084 1337 1207 1380; x_wconf 88' lang='lat' dir='ltr'>utique</span> <span class='ocrx_word' id='word_1_276' title='bbox 1234 1337 1272 1370; x_wconf 90' lang='lat' dir='ltr'>in</span> <span class='ocrx_word' id='word_1_277' title='bbox 1295 1336 1449 1381; x_wconf 80' lang='lat' dir='ltr'>aliquem</span> <span class='ocrx_word' id='word_1_278' title='bbox 1472 1338 1602 1371; x_wconf 89' lang='lat' dir='ltr'>laetum</span> <span class='ocrx_word' id='word_1_279' title='bbox 1629 1348 1671 1370; x_wconf 85' lang='lat' dir='ltr'>ac</span> 
     </span>
    </p>
   </div>
   <div class='ocr_carea' id='block_1_6' title="bbox 172 1380 1728 1522">
    <p class='ocr_par' dir='ltr' id='par_1_6' title="bbox 172 1380 1728 1522">
     <span class='ocr_line' id='line_1_25' title="bbox 174 1380 1728 1433; baseline -0.005 -11"><span class='ocrx_word' id='word_1_280' title='bbox 174 1386 397 1433; x_wconf 71' lang='lat' dir='ltr'>plausibilem</span> <span class='ocrx_word' id='word_1_281' title='bbox 422 1385 540 1417; x_wconf 89' lang='lat' dir='ltr'>locum</span> <span class='ocrx_word' id='word_1_282' title='bbox 565 1393 762 1416; x_wconf 79' lang='lat' dir='ltr'><strong>excurrere</strong></span> <span class='ocrx_word' id='word_1_283' title='bbox 799 1381 844 1424; x_wconf 87' lang='lat'>4,</span> <span class='ocrx_word' id='word_1_284' title='bbox 876 1383 920 1424; x_wconf 88' lang='grc'>3,</span> <span class='ocrx_word' id='word_1_285' title='bbox 959 1385 993 1415; x_wconf 87' lang='grc'>1.</span> <span class='ocrx_word' id='word_1_286' title='bbox 1030 1394 1061 1415; x_wconf 85' lang='grc' dir='ltr'>υ.</span> <span class='ocrx_word' id='word_1_287' title='bbox 1090 1380 1221 1416; x_wconf 89' lang='lat' dir='ltr'>Ordo.</span> <span class='ocrx_word' id='word_1_288' title='bbox 1248 1392 1319 1426; x_wconf 88' lang='lat' dir='ltr'>quo</span> <span class='ocrx_word' id='word_1_289' title='bbox 1348 1393 1511 1426; x_wconf 85' lang='lat' dir='ltr'>quaeque</span> <span class='ocrx_word' id='word_1_290' title='bbox 1546 1381 1672 1416; x_wconf 84' lang='lat' dir='ltr'>ordine</span> <span class='ocrx_word' id='word_1_291' title='bbox 1726 1407 1728 1409; x_wconf 72' lang='lat'>.</span> 
     </span>
     <span class='ocr_line' id='line_1_26' title="bbox 174 1426 1728 1479; baseline -0.005 -10"><span class='ocrx_word' id='word_1_292' title='bbox 174 1432 342 1479; x_wconf 82' lang='lat' dir='ltr'>probatio</span> <span class='ocrx_word' id='word_1_293' title='bbox 369 1442 424 1474; x_wconf 88' lang='lat' dir='ltr'>ap.</span> <span class='ocrx_word' id='word_1_294' title='bbox 457 1429 611 1473; x_wconf 87' lang='lat' dir='ltr'>judicem</span> <span class='ocrx_word' id='word_1_295' title='bbox 636 1428 681 1462; x_wconf 87' lang='lat' dir='ltr'>sit</span> <span class='ocrx_word' id='word_1_296' title='bbox 711 1428 928 1471; x_wconf 87' lang='lat' dir='ltr'>proferenda</span> <span class='ocrx_word' id='word_1_297' title='bbox 958 1428 1006 1468; x_wconf 89' lang='lat'>6,</span> <span class='ocrx_word' id='word_1_298' title='bbox 1042 1426 1083 1469; x_wconf 85' lang='lat'>4,</span> <span class='ocrx_word' id='word_1_299' title='bbox 1114 1430 1172 1460; x_wconf 89' lang='grc'>22.</span> <span class='ocrx_word' id='word_1_300' title='bbox 1225 1427 1328 1460; x_wconf 88' lang='lat' dir='ltr'>eand.</span> <span class='ocrx_word' id='word_1_301' title='bbox 1363 1438 1439 1461; x_wconf 88' lang='lat' dir='ltr'>rem</span> <span class='ocrx_word' id='word_1_302' title='bbox 1472 1426 1673 1466; x_wconf 67' lang='lat' dir='ltr'>mitioribus,</span> <span class='ocrx_word' id='word_1_303' title='bbox 1720 1430 1728 1472; x_wconf 62' lang='grc' dir='ltr'><em>ἢ</em></span> 
     </span>
     <span class='ocr_line' id='line_1_27' title="bbox 172 1472 1668 1522; baseline -0.005 -7"><span class='ocrx_word' id='word_1_304' title='bbox 172 1479 296 1516; x_wconf 78' lang='lat' dir='ltr'>verbis</span> <span class='ocrx_word' id='word_1_305' title='bbox 330 1478 550 1522; x_wconf 80' lang='lat' dir='ltr'>proferamus</span> <span class='ocrx_word' id='word_1_306' title='bbox 586 1475 618 1516; x_wconf 88' lang='lat'>5,</span> <span class='ocrx_word' id='word_1_307' title='bbox 644 1475 699 1516; x_wconf 86' lang='lat'>13,</span> <span class='ocrx_word' id='word_1_308' title='bbox 724 1474 784 1509; x_wconf 81' lang='lat'>25.</span> <span class='ocrx_word' id='word_1_309' title='bbox 832 1484 911 1507; x_wconf 89' lang='lat' dir='ltr'>cum</span> <span class='ocrx_word' id='word_1_310' title='bbox 943 1473 1160 1518; x_wconf 85' lang='lat' dir='ltr'>proferenda</span> <span class='ocrx_word' id='word_1_311' title='bbox 1192 1478 1274 1506; x_wconf 88' lang='lat' dir='ltr'>sunt</span> <span class='ocrx_word' id='word_1_312' title='bbox 1303 1472 1417 1507; x_wconf 81' lang='lat' dir='ltr'>studia</span> <span class='ocrx_word' id='word_1_313' title='bbox 1454 1475 1495 1515; x_wconf 91' lang='lat'>1,</span> <span class='ocrx_word' id='word_1_314' title='bbox 1529 1476 1576 1517; x_wconf 84' lang='lat'>2,</span> <span class='ocrx_word' id='word_1_315' title='bbox 1612 1477 1668 1509; x_wconf 90' lang='grc'>19.</span> 
     </span>
    </p>
   </div>
   <div class='ocr_carea' id='block_1_7' title="bbox 171 1517 1672 1655">
    <p class='ocr_par' dir='ltr' id='par_1_7' title="bbox 171 1517 1672 1655">
     <span class='ocr_line' id='line_1_28' title="bbox 171 1517 1672 1568; baseline -0.018 -7"><span class='ocrx_word' id='word_1_316' title='bbox 171 1528 263 1561; x_wconf 84' lang='lat' dir='ltr'>haec</span> <span class='ocrx_word' id='word_1_317' title='bbox 292 1524 425 1568; x_wconf 84' lang='lat' dir='ltr'>(verba)</span> <span class='ocrx_word' id='word_1_318' title='bbox 459 1521 622 1555; x_wconf 87' lang='lat' dir='ltr'>interrito</span> <span class='ocrx_word' id='word_1_319' title='bbox 649 1521 752 1554; x_wconf 83' lang='lat' dir='ltr'>vultu</span> <span class='ocrx_word' id='word_1_320' title='bbox 777 1520 974 1563; x_wconf 74' lang='lat' dir='ltr'>proferunt</span> <span class='ocrx_word' id='word_1_321' title='bbox 1003 1522 1045 1561; x_wconf 90' lang='lat'>1,</span> <span class='ocrx_word' id='word_1_322' title='bbox 1071 1521 1112 1562; x_wconf 75' lang='lat'>3,</span> <span class='ocrx_word' id='word_1_323' title='bbox 1135 1517 1176 1560; x_wconf 79' lang='lat'>43</span> <span class='ocrx_word' id='word_1_324' title='bbox 1216 1529 1312 1562; x_wconf 65' lang='lat' dir='ltr'>non,</span> <span class='ocrx_word' id='word_1_325' title='bbox 1346 1524 1387 1552; x_wconf 66' lang='lat' dir='ltr'>ut</span> <span class='ocrx_word' id='word_1_326' title='bbox 1424 1519 1592 1563; x_wconf 67' lang='lat' dir='ltr'>quodque</span> <span class='ocrx_word' id='word_1_327' title='bbox 1624 1531 1672 1555; x_wconf 63' lang='lat'>³0</span> 
     </span>
     <span class='ocr_line' id='line_1_29' title="bbox 173 1561 1672 1619; baseline -0.023 -11"><span class='ocrx_word' id='word_1_328' title='bbox 173 1573 337 1619; x_wconf 84' lang='lat' dir='ltr'>proferet</span> <span class='ocrx_word' id='word_1_329' title='bbox 359 1569 533 1613; x_wconf 77' lang='lat' dir='ltr'>verbum,</span> <span class='ocrx_word' id='word_1_330' title='bbox 561 1571 713 1611; x_wconf 87' lang='lat' dir='ltr'>occupet</span> <span class='ocrx_word' id='word_1_331' title='bbox 735 1567 855 1599; x_wconf 78' lang='lat' dir='ltr'>lociun</span> <span class='ocrx_word' id='word_1_332' title='bbox 882 1568 938 1608; x_wconf 91' lang='lat'>10,</span> <span class='ocrx_word' id='word_1_333' title='bbox 961 1565 996 1607; x_wconf 82' lang='lat'>4,</span> <span class='ocrx_word' id='word_1_334' title='bbox 1025 1566 1060 1599; x_wconf 81' lang='lat'>5.</span> <span class='ocrx_word' id='word_1_335' title='bbox 1104 1576 1193 1609; x_wconf 73' lang='lat' dir='ltr'>quae</span> <span class='ocrx_word' id='word_1_336' title='bbox 1224 1563 1360 1608; x_wconf 57' lang='lat' dir='ltr'>(anes)</span> <span class='ocrx_word' id='word_1_337' title='bbox 1387 1564 1496 1599; x_wconf 58' lang='lat' dir='ltr'>etiam</span> <span class='ocrx_word' id='word_1_338' title='bbox 1518 1571 1599 1600; x_wconf 58' lang='lat' dir='ltr'>mm</span> <span class='ocrx_word' id='word_1_339' title='bbox 1616 1561 1672 1601; x_wconf 76' lang='lat' dir='ltr'>&#39;se</span> 
     </span>
     <span class='ocr_line' id='line_1_30' title="bbox 173 1611 1385 1655; baseline -0.013 -1"><span class='ocrx_word' id='word_1_340' title='bbox 173 1630 250 1654; x_wconf 87' lang='lat' dir='ltr'>non</span> <span class='ocrx_word' id='word_1_341' title='bbox 273 1616 537 1652; x_wconf 83' lang='lat' dir='ltr'>ostendunt</span> <span class='ocrx_word' id='word_1_342' title='bbox 563 1613 602 1646; x_wconf 90' lang='lat' dir='ltr'>in</span> <span class='ocrx_word' id='word_1_343' title='bbox 626 1613 800 1655; x_wconf 85' lang='lat' dir='ltr'>dicendo,</span> <span class='ocrx_word' id='word_1_344' title='bbox 834 1622 902 1645; x_wconf 88' lang='lat' dir='ltr'>nec</span> <span class='ocrx_word' id='word_1_345' title='bbox 926 1611 1182 1655; x_wconf 87' lang='lat' dir='ltr'>proferunt</span> <span class='ocrx_word' id='word_1_346' title='bbox 1206 1613 1239 1652; x_wconf 86' lang='grc'>1,</span> <span class='ocrx_word' id='word_1_347' title='bbox 1270 1612 1325 1654; x_wconf 78' lang='lat'>10,</span> <span class='ocrx_word' id='word_1_348' title='bbox 1351 1613 1385 1645; x_wconf 88' lang='grc'>7,</span> 
     </span>
    </p>
   </div>
   <div class='ocr_carea' id='block_1_8' title="bbox 125 1675 1669 1772">
    <p class='ocr_par' dir='ltr' id='par_1_8' title="bbox 125 1675 1669 1772">
     <span class='ocr_line' id='line_1_31' title="bbox 125 1675 1669 1724; baseline -0.003 -6"><span class='ocrx_word' id='word_1_349' title='bbox 125 1675 357 1722; x_wconf 79' lang='lat' dir='ltr'>Professio.</span> <span class='ocrx_word' id='word_1_350' title='bbox 431 1685 474 1716; x_wconf 83' lang='lat' dir='ltr'>cle</span> <span class='ocrx_word' id='word_1_351' title='bbox 500 1694 632 1715; x_wconf 85' lang='lat' dir='ltr'>munere</span> <span class='ocrx_word' id='word_1_352' title='bbox 657 1682 820 1714; x_wconf 81' lang='lat' dir='ltr'>docendi.-</span> <span class='ocrx_word' id='word_1_353' title='bbox 844 1681 935 1713; x_wconf 89' lang='lat' dir='ltr'>haec</span> <span class='ocrx_word' id='word_1_354' title='bbox 963 1690 1037 1723; x_wconf 62' lang='lat' dir='ltr'>pr„</span> <span class='ocrx_word' id='word_1_355' title='bbox 1066 1690 1147 1713; x_wconf 92' lang='lat' dir='ltr'>cum</span> <span class='ocrx_word' id='word_1_356' title='bbox 1175 1677 1385 1713; x_wconf 81' lang='lat' dir='ltr'>brevissime</span> <span class='ocrx_word' id='word_1_357' title='bbox 1407 1677 1445 1712; x_wconf 86' lang='lat' dir='ltr'>in</span> <span class='ocrx_word' id='word_1_358' title='bbox 1473 1679 1560 1714; x_wconf 81' lang='lat' dir='ltr'>duas</span> <span class='ocrx_word' id='word_1_359' title='bbox 1586 1691 1669 1724; x_wconf 81' lang='lat' dir='ltr'>par-</span> 
     </span>
     <span class='ocr_line' id='line_1_32' title="bbox 170 1726 1665 1772; baseline -0.006 -3"><span class='ocrx_word' id='word_1_360' title='bbox 170 1741 225 1769; x_wconf 85' lang='lat' dir='ltr'>tes</span> <span class='ocrx_word' id='word_1_361' title='bbox 264 1729 462 1772; x_wconf 84' lang='lat' dir='ltr'>dividatur,</span> <span class='ocrx_word' id='word_1_362' title='bbox 512 1734 612 1762; x_wconf 85' lang='lat' dir='ltr'>recte</span> <span class='ocrx_word' id='word_1_363' title='bbox 645 1726 815 1771; x_wconf 85' lang='lat' dir='ltr'>loquendi</span> <span class='ocrx_word' id='word_1_364' title='bbox 860 1727 1044 1760; x_wconf 85' lang='lat' dir='ltr'>scientiam</span> <span class='ocrx_word' id='word_1_365' title='bbox 1090 1731 1126 1759; x_wconf 86' lang='lat' dir='ltr'>et</span> <span class='ocrx_word' id='word_1_366' title='bbox 1157 1731 1343 1769; x_wconf 78' lang='lat' dir='ltr'>poetarum</span> <span class='ocrx_word' id='word_1_367' title='bbox 1384 1726 1665 1768; x_wconf 76' lang='lat' dir='ltr'>enarrationem;</span> 
     </span>
    </p>
   </div>
   <div class='ocr_carea' id='block_1_9' title="bbox 1712 1518 1728 1707">
    <p class='ocr_par' dir='ltr' id='par_1_9' title="bbox 1712 1518 1728 1707">
     <span class='ocr_line' id='line_1_33' title="bbox 1720 1518 1728 1547; baseline 0 0"><span class='ocrx_word' id='word_1_368' title='bbox 1720 1518 1728 1547; x_wconf 72' lang='lat'>4</span> 
     </span>
     <span class='ocr_line' id='line_1_34' title="bbox 1716 1554 1728 1614; baseline 0 0"><span class='ocrx_word' id='word_1_369' title='bbox 1716 1554 1728 1614; x_wconf 63' lang='grc' dir='ltr'>ἐ</span> 
     </span>
     <span class='ocr_line' id='line_1_35' title="bbox 1712 1616 1728 1707; baseline 0 0"><span class='ocrx_word' id='word_1_370' title='bbox 1712 1616 1728 1707; x_wconf 70' lang='grc' dir='ltr'><em>ἑ</em></span> 
     </span>
    </p>
   </div>
   <div class='ocr_carea' id='block_1_10' title="bbox 171 1768 1728 1827">
    <p class='ocr_par' dir='ltr' id='par_1_10' title="bbox 171 1768 1728 1827">
     <span class='ocr_line' id='line_1_36' title="bbox 171 1768 1728 1827; baseline -0.004 -14"><span class='ocrx_word' id='word_1_371' title='bbox 171 1783 251 1827; x_wconf 85' lang='lat' dir='ltr'>plus</span> <span class='ocrx_word' id='word_1_372' title='bbox 275 1780 382 1812; x_wconf 85' lang='lat' dir='ltr'>habet</span> <span class='ocrx_word' id='word_1_373' title='bbox 406 1777 443 1809; x_wconf 87' lang='lat' dir='ltr'>in</span> <span class='ocrx_word' id='word_1_374' title='bbox 471 1785 635 1816; x_wconf 89' lang='lat' dir='ltr'>recessu,</span> <span class='ocrx_word' id='word_1_375' title='bbox 666 1785 772 1817; x_wconf 88' lang='lat' dir='ltr'>quam</span> <span class='ocrx_word' id='word_1_376' title='bbox 794 1773 831 1806; x_wconf 93' lang='lat' dir='ltr'>in</span> <span class='ocrx_word' id='word_1_377' title='bbox 855 1774 975 1806; x_wconf 85' lang='lat' dir='ltr'>fronte</span> <span class='ocrx_word' id='word_1_378' title='bbox 999 1773 1181 1815; x_wconf 83' lang='lat' dir='ltr'>promittat</span> <span class='ocrx_word' id='word_1_379' title='bbox 1205 1770 1318 1814; x_wconf 74' lang='grc'><strong>1,-4,</strong></span> <span class='ocrx_word' id='word_1_380' title='bbox 1345 1773 1378 1805; x_wconf 97' lang='grc'>1.</span> <span class='ocrx_word' id='word_1_381' title='bbox 1433 1771 1554 1806; x_wconf 83' lang='lat' dir='ltr'>finitae</span> <span class='ocrx_word' id='word_1_382' title='bbox 1585 1768 1669 1806; x_wconf 75' lang='lat' dir='ltr'>sunt</span> <span class='ocrx_word' id='word_1_383' title='bbox 1719 1778 1728 1796; x_wconf 64' lang='lat'>&#39;¹&#39;</span> 
     </span>
    </p>
   </div>
   <div class='ocr_carea' id='block_1_11' title="bbox 171 1817 1668 1872">
    <p class='ocr_par' dir='ltr' id='par_1_11' title="bbox 171 1817 1668 1872">
     <span class='ocr_line' id='line_1_37' title="bbox 171 1817 1668 1872; baseline -0.005 -12"><span class='ocrx_word' id='word_1_384' title='bbox 171 1832 290 1872; x_wconf 88' lang='lat' dir='ltr'>partes</span> <span class='ocrx_word' id='word_1_385' title='bbox 324 1825 435 1864; x_wconf 85' lang='lat' dir='ltr'>duae,</span> <span class='ocrx_word' id='word_1_386' title='bbox 470 1832 556 1866; x_wconf 89' lang='lat' dir='ltr'>quas</span> <span class='ocrx_word' id='word_1_387' title='bbox 587 1822 678 1854; x_wconf 88' lang='lat' dir='ltr'>haec</span> <span class='ocrx_word' id='word_1_388' title='bbox 701 1831 755 1862; x_wconf 84' lang='lat' dir='ltr'>pr.</span> <span class='ocrx_word' id='word_1_389' title='bbox 787 1819 974 1863; x_wconf 82' lang='lat' dir='ltr'>pollicetur</span> <span class='ocrx_word' id='word_1_390' title='bbox 998 1821 1040 1861; x_wconf 91' lang='lat'>1,</span> <span class='ocrx_word' id='word_1_391' title='bbox 1066 1819 1111 1860; x_wconf 88' lang='lat'>9,</span> <span class='ocrx_word' id='word_1_392' title='bbox 1138 1820 1181 1859; x_wconf 82' lang='lat'>13</span> <span class='ocrx_word' id='word_1_393' title='bbox 1221 1817 1315 1851; x_wconf 86' lang='lat' dir='ltr'>circa</span> <span class='ocrx_word' id='word_1_394' title='bbox 1345 1818 1559 1864; x_wconf 80' lang='lat' dir='ltr'>glossemata</span> <span class='ocrx_word' id='word_1_395' title='bbox 1593 1829 1668 1852; x_wconf 87' lang='lat' dir='ltr'>non</span> 
     </span>
    </p>
   </div>
   <div class='ocr_carea' id='block_1_12' title="bbox 171 1864 1718 1914">
    <p class='ocr_par' dir='ltr' id='par_1_12' title="bbox 171 1864 1718 1914">
     <span class='ocr_line' id='line_1_38' title="bbox 171 1864 1718 1914; baseline -0.006 -7"><span class='ocrx_word' id='word_1_396' title='bbox 171 1873 297 1907; x_wconf 87' lang='lat' dir='ltr'>ultima</span> <span class='ocrx_word' id='word_1_397' title='bbox 314 1872 389 1914; x_wconf 89' lang='lat' dir='ltr'>ejus</span> <span class='ocrx_word' id='word_1_398' title='bbox 404 1866 639 1912; x_wconf 79' lang='lat' dir='ltr'>professionis</span> <span class='ocrx_word' id='word_1_399' title='bbox 664 1865 847 1912; x_wconf 82' lang='lat' dir='ltr'>diligentia</span> <span class='ocrx_word' id='word_1_400' title='bbox 875 1871 928 1899; x_wconf 87' lang='lat' dir='ltr'>est</span> <span class='ocrx_word' id='word_1_401' title='bbox 944 1868 976 1907; x_wconf 90' lang='lat'>1,</span> <span class='ocrx_word' id='word_1_402' title='bbox 995 1865 1030 1906; x_wconf 87' lang='grc'>8,</span> <span class='ocrx_word' id='word_1_403' title='bbox 1051 1865 1106 1899; x_wconf 88' lang='grc'>15.</span> <span class='ocrx_word' id='word_1_404' title='bbox 1134 1864 1388 1898; x_wconf 76' lang='lat' dir='ltr'>demonstrare.</span> <span class='ocrx_word' id='word_1_405' title='bbox 1405 1864 1569 1908; x_wconf 80' lang='lat' dir='ltr'>virtutes,</span> <span class='ocrx_word' id='word_1_406' title='bbox 1591 1866 1666 1908; x_wconf 79' lang='lat' dir='ltr'>vel,</span> <span class='ocrx_word' id='word_1_407' title='bbox 1715 1896 1718 1903; x_wconf 79' lang='grc'><strong>,</strong></span> 
     </span>
    </p>
   </div>
   <div class='ocr_carea' id='block_1_13' title="bbox 171 1910 1668 1962">
    <p class='ocr_par' dir='ltr' id='par_1_13' title="bbox 171 1910 1668 1962">
     <span class='ocr_line' id='line_1_39' title="bbox 171 1910 1668 1962; baseline -0.003 -11"><span class='ocrx_word' id='word_1_408' title='bbox 171 1921 203 1954; x_wconf 85' lang='lat' dir='ltr'>si</span> <span class='ocrx_word' id='word_1_409' title='bbox 228 1918 371 1962; x_wconf 84' lang='lat' dir='ltr'>quando</span> <span class='ocrx_word' id='word_1_410' title='bbox 394 1916 442 1948; x_wconf 87' lang='lat' dir='ltr'>ita</span> <span class='ocrx_word' id='word_1_411' title='bbox 465 1914 611 1955; x_wconf 74' lang='lat' dir='ltr'>incidat,</span> <span class='ocrx_word' id='word_1_412' title='bbox 635 1913 737 1954; x_wconf 75' lang='lat' dir='ltr'>vitia,</span> <span class='ocrx_word' id='word_1_413' title='bbox 762 1911 798 1945; x_wconf 88' lang='lat' dir='ltr'>id</span> <span class='ocrx_word' id='word_1_414' title='bbox 815 1910 1139 1952; x_wconf 86' lang='lat' dir='ltr'>professionis</span> <span class='ocrx_word' id='word_1_415' title='bbox 1157 1911 1234 1951; x_wconf 85' lang='lat' dir='ltr'>ejus</span> <span class='ocrx_word' id='word_1_416' title='bbox 1247 1914 1319 1954; x_wconf 85' lang='lat' dir='ltr'>atq.</span> <span class='ocrx_word' id='word_1_417' title='bbox 1331 1910 1572 1953; x_wconf 81' lang='lat' dir='ltr'>promissi,</span> <span class='ocrx_word' id='word_1_418' title='bbox 1597 1921 1668 1956; x_wconf 85' lang='lat' dir='ltr'>quo</span> 
     </span>
    </p>
   </div>
   <div class='ocr_carea' id='block_1_14' title="bbox 170 1954 1718 2010">
    <p class='ocr_par' dir='ltr' id='par_1_14' title="bbox 170 1954 1718 2010">
     <span class='ocr_line' id='line_1_40' title="bbox 170 1954 1718 2010; baseline -0.006 -10"><span class='ocrx_word' id='word_1_419' title='bbox 170 1977 210 2000; x_wconf 89' lang='lat' dir='ltr'>se</span> <span class='ocrx_word' id='word_1_420' title='bbox 237 1964 441 2010; x_wconf 79' lang='lat' dir='ltr'>magistrum</span> <span class='ocrx_word' id='word_1_421' title='bbox 470 1958 694 2004; x_wconf 86' lang='lat' dir='ltr'>eloquentiae</span> <span class='ocrx_word' id='word_1_422' title='bbox 721 1958 1004 1999; x_wconf 85' lang='lat' dir='ltr'>pollicetur,</span> <span class='ocrx_word' id='word_1_423' title='bbox 1033 1956 1189 1990; x_wconf 84' lang='lat' dir='ltr'>maxime</span> <span class='ocrx_word' id='word_1_424' title='bbox 1213 1954 1395 1997; x_wconf 77' lang='lat' dir='ltr'>proprium</span> <span class='ocrx_word' id='word_1_425' title='bbox 1417 1962 1471 1990; x_wconf 84' lang='lat' dir='ltr'>est</span> <span class='ocrx_word' id='word_1_426' title='bbox 1496 1958 1538 1999; x_wconf 90' lang='grc'><strong>2,</strong></span> <span class='ocrx_word' id='word_1_427' title='bbox 1564 1958 1605 1999; x_wconf 83' lang='grc'>5,</span> <span class='ocrx_word' id='word_1_428' title='bbox 1630 1957 1680 2006; x_wconf 60' lang='grc'>5.,</span> <span class='ocrx_word' id='word_1_429' title='bbox 1715 1955 1718 1959; x_wconf 80' lang='grc'><strong>’</strong></span> 
     </span>
    </p>
   </div>
   <div class='ocr_carea' id='block_1_15' title="bbox 170 2002 1665 2047">
    <p class='ocr_par' dir='ltr' id='par_1_15' title="bbox 170 2002 1665 2047">
     <span class='ocr_line' id='line_1_41' title="bbox 170 2002 1665 2047; baseline -0.007 -1"><span class='ocrx_word' id='word_1_430' title='bbox 170 2023 248 2046; x_wconf 90' lang='lat' dir='ltr'>non</span> <span class='ocrx_word' id='word_1_431' title='bbox 272 2013 316 2044; x_wconf 87' lang='lat' dir='ltr'>ad</span> <span class='ocrx_word' id='word_1_432' title='bbox 341 2019 443 2042; x_wconf 88' lang='lat' dir='ltr'>suum</span> <span class='ocrx_word' id='word_1_433' title='bbox 474 2006 655 2047; x_wconf 87' lang='lat' dir='ltr'>pertinere</span> <span class='ocrx_word' id='word_1_434' title='bbox 692 2015 714 2038; x_wconf 94' lang='lat' dir='ltr'>o</span> <span class='ocrx_word' id='word_1_435' title='bbox 728 2004 789 2037; x_wconf 76' lang='lat' dir='ltr'>ssi</span> <span class='ocrx_word' id='word_1_436' title='bbox 801 2015 819 2037; x_wconf 94' lang='lat' dir='ltr'>c</span> <span class='ocrx_word' id='word_1_437' title='bbox 830 2004 842 2037; x_wconf 93' lang='lat' dir='ltr'>i</span> <span class='ocrx_word' id='word_1_438' title='bbox 852 2015 875 2037; x_wconf 90' lang='lat' dir='ltr'>u</span> <span class='ocrx_word' id='word_1_439' title='bbox 885 2015 941 2046; x_wconf 90' lang='lat' dir='ltr'>m,</span> <span class='ocrx_word' id='word_1_440' title='bbox 974 2003 1116 2047; x_wconf 84' lang='lat' dir='ltr'>quando</span> <span class='ocrx_word' id='word_1_441' title='bbox 1135 2002 1284 2037; x_wconf 69' lang='lat' dir='ltr'>divisae</span> <span class='ocrx_word' id='word_1_442' title='bbox 1319 2011 1341 2043; x_wconf 82' lang='lat' dir='ltr'>p</span> <span class='ocrx_word' id='word_1_443' title='bbox 1351 2011 1399 2036; x_wconf 86' lang='lat' dir='ltr'>ro</span> <span class='ocrx_word' id='word_1_444' title='bbox 1407 2002 1449 2036; x_wconf 83' lang='lat' dir='ltr'>fe</span> <span class='ocrx_word' id='word_1_445' title='bbox 1459 2002 1555 2038; x_wconf 73' lang='lat' dir='ltr'>saio</span> <span class='ocrx_word' id='word_1_446' title='bbox 1565 2012 1665 2036; x_wconf 82' lang='lat' dir='ltr'>num</span> 
     </span>
    </p>
   </div>
   <div class='ocr_carea' id='block_1_16' title="bbox 169 2046 1714 2095">
    <p class='ocr_par' dir='ltr' id='par_1_16' title="bbox 169 2046 1714 2095">
     <span class='ocr_line' id='line_1_42' title="bbox 169 2046 1714 2095; baseline -0.005 -4"><span class='ocrx_word' id='word_1_447' title='bbox 169 2059 270 2094; x_wconf 77' lang='lat' dir='ltr'>vices</span> <span class='ocrx_word' id='word_1_448' title='bbox 296 2056 413 2090; x_wconf 86' lang='lat' dir='ltr'>essent</span> <span class='ocrx_word' id='word_1_449' title='bbox 440 2053 497 2086; x_wconf 89' lang='lat' dir='ltr'>Pr.</span> <span class='ocrx_word' id='word_1_450' title='bbox 521 2053 554 2086; x_wconf 86' lang='lat'>4.</span> <span class='ocrx_word' id='word_1_451' title='bbox 581 2061 649 2088; x_wconf 89' lang='lat' dir='ltr'>an</span> <span class='ocrx_word' id='word_1_452' title='bbox 678 2062 780 2084; x_wconf 85' lang='lat' dir='ltr'>suum</span> <span class='ocrx_word' id='word_1_453' title='bbox 808 2050 936 2095; x_wconf 88' lang='lat' dir='ltr'>cuique</span> <span class='ocrx_word' id='word_1_454' title='bbox 963 2048 1179 2091; x_wconf 84' lang='lat' dir='ltr'>professioni</span> <span class='ocrx_word' id='word_1_455' title='bbox 1202 2049 1347 2083; x_wconf 90' lang='lat' dir='ltr'>modum</span> <span class='ocrx_word' id='word_1_456' title='bbox 1370 2048 1492 2082; x_wconf 82' lang='lat' dir='ltr'>demus</span> <span class='ocrx_word' id='word_1_457' title='bbox 1513 2051 1609 2092; x_wconf 85' lang='lat'>2,&#39;1,</span> <span class='ocrx_word' id='word_1_458' title='bbox 1630 2046 1665 2083; x_wconf 84' lang='grc'>4.</span> <span class='ocrx_word' id='word_1_459' title='bbox 1710 2051 1714 2058; x_wconf 74' lang='grc'>”</span> 
     </span>
    </p>
   </div>
   <div class='ocr_carea' id='block_1_17' title="bbox 170 2093 1217 2142">
    <p class='ocr_par' dir='ltr' id='par_1_17' title="bbox 170 2093 1217 2142">
     <span class='ocr_line' id='line_1_43' title="bbox 170 2093 1217 2142; baseline -0.01 -3"><span class='ocrx_word' id='word_1_460' title='bbox 170 2111 292 2139; x_wconf 84' lang='lat' dir='ltr'>cetera</span> <span class='ocrx_word' id='word_1_461' title='bbox 314 2107 352 2135; x_wconf 90' lang='lat' dir='ltr'>ut</span> <span class='ocrx_word' id='word_1_462' title='bbox 379 2098 606 2142; x_wconf 80' lang='lat' dir='ltr'>professione</span> <span class='ocrx_word' id='word_1_463' title='bbox 639 2109 702 2132; x_wconf 78' lang='lat' dir='ltr'>sua</span> <span class='ocrx_word' id='word_1_464' title='bbox 725 2096 866 2130; x_wconf 89' lang='lat' dir='ltr'>minora</span> <span class='ocrx_word' id='word_1_465' title='bbox 895 2093 1092 2137; x_wconf 85' lang='lat' dir='ltr'>despiciunt</span> <span class='ocrx_word' id='word_1_466' title='bbox 1117 2097 1159 2127; x_wconf 81' lang='lat' dir='ltr'>ib.</span> <span class='ocrx_word' id='word_1_467' title='bbox 1183 2098 1217 2129; x_wconf 87' lang='grc'>2.</span> 
     </span>
    </p>
   </div>
   <div class='ocr_carea' id='block_1_18' title="bbox 123 2153 1719 2259">
    <p class='ocr_par' dir='ltr' id='par_1_18' title="bbox 123 2153 1719 2259">
     <span class='ocr_line' id='line_1_44' title="bbox 123 2153 1719 2209; baseline -0.005 -5"><span class='ocrx_word' id='word_1_468' title='bbox 123 2160 360 2204; x_wconf 84' lang='lat' dir='ltr'>Professor.</span> <span class='ocrx_word' id='word_1_469' title='bbox 421 2178 495 2201; x_wconf 88' lang='lat' dir='ltr'>non</span> <span class='ocrx_word' id='word_1_470' title='bbox 519 2167 692 2201; x_wconf 77' lang='lat' dir='ltr'>obscurus</span> <span class='ocrx_word' id='word_1_471' title='bbox 715 2165 835 2207; x_wconf 82' lang='lat' dir='ltr'>prof.</span> <span class='ocrx_word' id='word_1_472' title='bbox 867 2170 938 2209; x_wconf 83' lang='lat' dir='ltr'>atq.</span> <span class='ocrx_word' id='word_1_473' title='bbox 965 2168 1133 2197; x_wconf 80' lang='lat' dir='ltr'>auctor</span> <span class='ocrx_word' id='word_1_474' title='bbox 1159 2165 1193 2204; x_wconf 85' lang='lat'>2,</span> <span class='ocrx_word' id='word_1_475' title='bbox 1221 2162 1276 2204; x_wconf 88' lang='lat'>15,</span> <span class='ocrx_word' id='word_1_476' title='bbox 1305 2161 1361 2196; x_wconf 84' lang='lat'>36.</span> <span class='ocrx_word' id='word_1_477' title='bbox 1408 2160 1526 2207; x_wconf 74' lang='lat' dir='ltr'>magni</span> <span class='ocrx_word' id='word_1_478' title='bbox 1550 2161 1669 2197; x_wconf 84' lang='lat' dir='ltr'>nomi·</span> <span class='ocrx_word' id='word_1_479' title='bbox 1715 2153 1719 2156; x_wconf 57' lang='grc'><em>’</em></span> 
     </span>
     <span class='ocr_line' id='line_1_45' title="bbox 170 2207 1710 2259; baseline -0.006 -7"><span class='ocrx_word' id='word_1_480' title='bbox 170 2218 226 2252; x_wconf 87' lang='lat' dir='ltr'>nis</span> <span class='ocrx_word' id='word_1_481' title='bbox 251 2217 477 2259; x_wconf 81' lang='lat' dir='ltr'>professores</span> <span class='ocrx_word' id='word_1_482' title='bbox 509 2216 554 2257; x_wconf 88' lang='grc'>2,</span> <span class='ocrx_word' id='word_1_483' title='bbox 579 2216 646 2256; x_wconf 85' lang='grc'>11,</span> <span class='ocrx_word' id='word_1_484' title='bbox 676 2216 707 2246; x_wconf 91' lang='grc'>1.</span> <span class='ocrx_word' id='word_1_485' title='bbox 770 2211 898 2246; x_wconf 84' lang='lat' dir='ltr'>Porcio</span> <span class='ocrx_word' id='word_1_486' title='bbox 932 2208 1099 2251; x_wconf 83' lang='lat' dir='ltr'>Latroni,</span> <span class='ocrx_word' id='word_1_487' title='bbox 1134 2208 1194 2251; x_wconf 87' lang='lat' dir='ltr'>qui</span> <span class='ocrx_word' id='word_1_488' title='bbox 1225 2208 1358 2248; x_wconf 84' lang='lat' dir='ltr'>primns</span> <span class='ocrx_word' id='word_1_489' title='bbox 1399 2209 1498 2241; x_wconf 67' lang='lat' dir='ltr'>clari¹</span> <span class='ocrx_word' id='word_1_490' title='bbox 1515 2207 1668 2242; x_wconf 82' lang='lat' dir='ltr'>nominis</span> <span class='ocrx_word' id='word_1_491' title='bbox 1708 2228 1710 2230; x_wconf 39' lang='lat' dir='ltr'>v</span> 
     </span>
    </p>
   </div>
   <div class='ocr_carea' id='block_1_19' title="bbox 167 2253 1666 2306">
    <p class='ocr_par' dir='ltr' id='par_1_19' title="bbox 167 2253 1666 2306">
     <span class='ocr_line' id='line_1_46' title="bbox 167 2253 1666 2306; baseline -0.006 -10"><span class='ocrx_word' id='word_1_492' title='bbox 167 2274 224 2306; x_wconf 82' lang='lat' dir='ltr'>pr,</span> <span class='ocrx_word' id='word_1_493' title='bbox 249 2262 318 2296; x_wconf 87' lang='lat' dir='ltr'>fuit</span> <span class='ocrx_word' id='word_1_494' title='bbox 341 2264 397 2303; x_wconf 88' lang='lat'>10,</span> <span class='ocrx_word' id='word_1_495' title='bbox 423 2260 456 2302; x_wconf 85' lang='lat'>5,</span> <span class='ocrx_word' id='word_1_496' title='bbox 482 2260 538 2294; x_wconf 88' lang='grc'>18.</span> <span class='ocrx_word' id='word_1_497' title='bbox 586 2269 676 2300; x_wconf 85' lang='lat' dir='ltr'>opus</span> <span class='ocrx_word' id='word_1_498' title='bbox 705 2257 810 2292; x_wconf 89' lang='lat' dir='ltr'>etiam</span> <span class='ocrx_word' id='word_1_499' title='bbox 834 2255 1086 2291; x_wconf 84' lang='lat' dir='ltr'>consummatis</span> <span class='ocrx_word' id='word_1_500' title='bbox 1108 2263 1174 2295; x_wconf 88' lang='lat' dir='ltr'>pr.·</span> <span class='ocrx_word' id='word_1_501' title='bbox 1190 2253 1336 2286; x_wconf 85' lang='lat' dir='ltr'>difficile</span> <span class='ocrx_word' id='word_1_502' title='bbox 1362 2255 1394 2295; x_wconf 92' lang='lat'>1,</span> <span class='ocrx_word' id='word_1_503' title='bbox 1415 2254 1449 2288; x_wconf 88' lang='lat'>9.</span> <span class='ocrx_word' id='word_1_504' title='bbox 1471 2255 1492 2287; x_wconf 83' lang='lat'>3</span> <span class='ocrx_word' id='word_1_505' title='bbox 1517 2255 1562 2287; x_wconf 89' lang='grc' dir='ltr'>Ν.</span> <span class='ocrx_word' id='word_1_506' title='bbox 1582 2262 1614 2287; x_wconf 77' lang='lat' dir='ltr'>et</span> <span class='ocrx_word' id='word_1_507' title='bbox 1630 2256 1666 2290; x_wconf 82' lang='lat' dir='ltr'>S.</span> 
     </span>
    </p>
   </div>
   <div class='ocr_carea' id='block_1_20' title="bbox 171 2300 1689 2347">
    <p class='ocr_par' dir='ltr' id='par_1_20' title="bbox 171 2300 1689 2347">
     <span class='ocr_line' id='line_1_47' title="bbox 171 2300 1689 2347; baseline -0.006 -4"><span class='ocrx_word' id='word_1_508' title='bbox 171 2311 384 2344; x_wconf 86' lang='lat' dir='ltr'>Geometrae</span> <span class='ocrx_word' id='word_1_509' title='bbox 409 2313 444 2340; x_wconf 87' lang='lat' dir='ltr'>et</span> <span class='ocrx_word' id='word_1_510' title='bbox 471 2305 698 2339; x_wconf 85' lang='lat' dir='ltr'>Grammatici</span> <span class='ocrx_word' id='word_1_511' title='bbox 722 2310 988 2347; x_wconf 86' lang='lat' dir='ltr'>ceterarumque</span> <span class='ocrx_word' id='word_1_512' title='bbox 1015 2301 1140 2335; x_wconf 84' lang='lat' dir='ltr'>artium</span> <span class='ocrx_word' id='word_1_513' title='bbox 1163 2300 1387 2341; x_wconf 80' lang='lat' dir='ltr'>professores</span> <span class='ocrx_word' id='word_1_514' title='bbox 1413 2301 1474 2342; x_wconf 84' lang='lat'>12,</span> <span class='ocrx_word' id='word_1_515' title='bbox 1514 2302 1577 2343; x_wconf 85' lang='lat'>11,</span> <span class='ocrx_word' id='word_1_516' title='bbox 1606 2302 1665 2334; x_wconf 88' lang='grc'>20.</span> <span class='ocrx_word' id='word_1_517' title='bbox 1687 2307 1689 2311; x_wconf 90' lang='grc'><strong>’</strong></span> 
     </span>
    </p>
   </div>
   <div class='ocr_carea' id='block_1_21' title="bbox 121 2351 1666 2639">
    <p class='ocr_par' dir='ltr' id='par_1_21' title="bbox 168 2351 717 2395">
     <span class='ocr_line' id='line_1_48' title="bbox 168 2351 717 2395; baseline -0.009 -5"><span class='ocrx_word' id='word_1_518' title='bbox 168 2361 334 2391; x_wconf 81' lang='lat' dir='ltr'>veterum</span> <span class='ocrx_word' id='word_1_519' title='bbox 358 2353 554 2395; x_wconf 82' lang='lat' dir='ltr'>sapientiae</span> <span class='ocrx_word' id='word_1_520' title='bbox 578 2353 637 2385; x_wconf 86' lang='lat' dir='ltr'>Pr.</span> <span class='ocrx_word' id='word_1_521' title='bbox 662 2351 717 2386; x_wconf 86' lang='lat'>15.</span> 
     </span>
    </p>

    <p class='ocr_par' dir='ltr' id='par_1_22' title="bbox 121 2400 1666 2639">
     <span class='ocr_line' id='line_1_49' title="bbox 121 2400 1666 2454; baseline -0.005 -11"><span class='ocrx_word' id='word_1_522' title='bbox 121 2400 320 2443; x_wconf 78' lang='lat' dir='ltr'>Proficio.</span> <span class='ocrx_word' id='word_1_523' title='bbox 378 2410 412 2453; x_wconf 90' lang='grc' dir='ltr'>Ι)</span> <span class='ocrx_word' id='word_1_524' title='bbox 439 2413 461 2443; x_wconf 87' lang='grc' dir='ltr'>ἰ.</span> <span class='ocrx_word' id='word_1_525' title='bbox 488 2423 519 2454; x_wconf 84' lang='lat' dir='ltr'>q.</span> <span class='ocrx_word' id='word_1_526' title='bbox 546 2420 830 2453; x_wconf 76' lang='lat' dir='ltr'>progressum</span> <span class='ocrx_word' id='word_1_527' title='bbox 857 2405 1012 2447; x_wconf 81' lang='lat' dir='ltr'>facio.-</span> <span class='ocrx_word' id='word_1_528' title='bbox 1047 2413 1115 2436; x_wconf 88' lang='lat' dir='ltr'>nec</span> <span class='ocrx_word' id='word_1_529' title='bbox 1140 2402 1343 2436; x_wconf 80' lang='lat' dir='ltr'>mehercule</span> <span class='ocrx_word' id='word_1_530' title='bbox 1367 2400 1557 2446; x_wconf 79' lang='lat' dir='ltr'>quidquam</span> <span class='ocrx_word' id='word_1_531' title='bbox 1581 2410 1666 2443; x_wconf 91' lang='lat' dir='ltr'>pro-</span> 
     </span>
     <span class='ocr_line' id='line_1_50' title="bbox 169 2448 1666 2501; baseline -0.007 -9"><span class='ocrx_word' id='word_1_532' title='bbox 169 2459 251 2492; x_wconf 90' lang='lat' dir='ltr'>ficio</span> <span class='ocrx_word' id='word_1_533' title='bbox 279 2459 314 2501; x_wconf 88' lang='grc'><strong>6,</strong></span> <span class='ocrx_word' id='word_1_534' title='bbox 339 2459 373 2500; x_wconf 88' lang='grc'>3,</span> <span class='ocrx_word' id='word_1_535' title='bbox 397 2458 454 2491; x_wconf 87' lang='grc'>81.</span> <span class='ocrx_word' id='word_1_536' title='bbox 502 2455 531 2488; x_wconf 81' lang='lat' dir='ltr'>si</span> <span class='ocrx_word' id='word_1_537' title='bbox 567 2464 690 2496; x_wconf 87' lang='lat' dir='ltr'>parum</span> <span class='ocrx_word' id='word_1_538' title='bbox 716 2452 876 2495; x_wconf 89' lang='lat' dir='ltr'>proficiet</span> <span class='ocrx_word' id='word_1_539' title='bbox 902 2453 991 2485; x_wconf 85' lang='lat' dir='ltr'>haec</span> <span class='ocrx_word' id='word_1_540' title='bbox 1018 2449 1157 2484; x_wconf 85' lang='lat' dir='ltr'>vanitas</span> <span class='ocrx_word' id='word_1_541' title='bbox 1192 2451 1226 2491; x_wconf 89' lang='lat'>3,</span> <span class='ocrx_word' id='word_1_542' title='bbox 1253 2449 1288 2489; x_wconf 88' lang='grc'>8,</span> <span class='ocrx_word' id='word_1_543' title='bbox 1312 2449 1370 2483; x_wconf 89' lang='grc'>39.</span> <span class='ocrx_word' id='word_1_544' title='bbox 1416 2448 1466 2481; x_wconf 90' lang='lat' dir='ltr'>in</span> <span class='ocrx_word' id='word_1_545' title='bbox 1497 2454 1666 2491; x_wconf 86' lang='lat' dir='ltr'>quantum</span> 
     </span>
     <span class='ocr_line' id='line_1_51' title="bbox 169 2493 1665 2546; baseline -0.008 -8"><span class='ocrx_word' id='word_1_546' title='bbox 169 2506 286 2538; x_wconf 85' lang='lat' dir='ltr'>adhuc</span> <span class='ocrx_word' id='word_1_547' title='bbox 311 2503 540 2546; x_wconf 86' lang='lat' dir='ltr'>profecerant</span> <span class='ocrx_word' id='word_1_548' title='bbox 562 2503 596 2544; x_wconf 89' lang='lat'>9,</span> <span class='ocrx_word' id='word_1_549' title='bbox 622 2500 659 2544; x_wconf 87' lang='grc'>4,</span> <span class='ocrx_word' id='word_1_550' title='bbox 686 2502 747 2542; x_wconf 84' lang='grc'>16;</span> <span class='ocrx_word' id='word_1_551' title='bbox 790 2503 967 2534; x_wconf 84' lang='lat' dir='ltr'>vetustate</span> <span class='ocrx_word' id='word_1_552' title='bbox 993 2496 1178 2537; x_wconf 86' lang='lat' dir='ltr'>proficient</span> <span class='ocrx_word' id='word_1_553' title='bbox 1201 2497 1235 2536; x_wconf 83' lang='lat'>2,</span> <span class='ocrx_word' id='word_1_554' title='bbox 1259 2494 1294 2536; x_wconf 88' lang='grc'>4,</span> <span class='ocrx_word' id='word_1_555' title='bbox 1323 2494 1357 2530; x_wconf 90' lang='grc'>9.</span> <span class='ocrx_word' id='word_1_556' title='bbox 1407 2493 1488 2538; x_wconf 90' lang='lat' dir='ltr'>quid</span> <span class='ocrx_word' id='word_1_557' title='bbox 1514 2493 1665 2528; x_wconf 82' lang='lat' dir='ltr'>dicendo</span> 
     </span>
     <span class='ocr_line' id='line_1_52' title="bbox 168 2538 1663 2592; baseline -0.007 -9"><span class='ocrx_word' id='word_1_558' title='bbox 168 2550 374 2591; x_wconf 85' lang='lat' dir='ltr'>proficimus</span> <span class='ocrx_word' id='word_1_559' title='bbox 397 2550 439 2591; x_wconf 89' lang='grc'>9,</span> <span class='ocrx_word' id='word_1_560' title='bbox 463 2552 506 2592; x_wconf 85' lang='grc'>2,</span> <span class='ocrx_word' id='word_1_561' title='bbox 530 2550 588 2582; x_wconf 92' lang='grc'>77.</span> <span class='ocrx_word' id='word_1_562' title='bbox 634 2547 686 2581; x_wconf 91' lang='lat' dir='ltr'>in</span> <span class='ocrx_word' id='word_1_563' title='bbox 714 2547 801 2579; x_wconf 89' lang='lat' dir='ltr'>hoc</span> <span class='ocrx_word' id='word_1_564' title='bbox 825 2555 891 2578; x_wconf 88' lang='lat' dir='ltr'>usu</span> <span class='ocrx_word' id='word_1_565' title='bbox 914 2542 1093 2577; x_wconf 85' lang='lat' dir='ltr'>cotidiano</span> <span class='ocrx_word' id='word_1_566' title='bbox 1120 2540 1324 2583; x_wconf 87' lang='lat' dir='ltr'>proficimus</span> <span class='ocrx_word' id='word_1_567' title='bbox 1360 2540 1404 2582; x_wconf 88' lang='grc'>6,</span> <span class='ocrx_word' id='word_1_568' title='bbox 1438 2542 1492 2580; x_wconf 83' lang='grc'>3,·</span> <span class='ocrx_word' id='word_1_569' title='bbox 1517 2538 1571 2573; x_wconf 89' lang='grc'>14.</span> <span class='ocrx_word' id='word_1_570' title='bbox 1616 2539 1663 2582; x_wconf 89' lang='lat'>11)</span> 
     </span>
     <span class='ocr_line' id='line_1_53' title="bbox 167 2585 1665 2639; baseline -0.007 -10"><span class='ocrx_word' id='word_1_571' title='bbox 167 2598 192 2629; x_wconf 89' lang='lat' dir='ltr'>i.</span> <span class='ocrx_word' id='word_1_572' title='bbox 219 2608 250 2639; x_wconf 84' lang='lat' dir='ltr'>q.</span> <span class='ocrx_word' id='word_1_573' title='bbox 287 2608 422 2638; x_wconf 86' lang='lat' dir='ltr'>prosu</span> <span class='ocrx_word' id='word_1_574' title='bbox 435 2607 485 2628; x_wconf 88' lang='lat' dir='ltr'>m.-</span> <span class='ocrx_word' id='word_1_575' title='bbox 520 2595 591 2628; x_wconf 87' lang='lat' dir='ltr'>hoc</span> <span class='ocrx_word' id='word_1_576' title='bbox 621 2592 670 2626; x_wconf 91' lang='lat' dir='ltr'>in</span> <span class='ocrx_word' id='word_1_577' title='bbox 693 2602 863 2626; x_wconf 84' lang='lat' dir='ltr'>summam</span> <span class='ocrx_word' id='word_1_578' title='bbox 898 2589 1038 2631; x_wconf 88' lang='lat' dir='ltr'>proficit</span> <span class='ocrx_word' id='word_1_579' title='bbox 1063 2590 1103 2630; x_wconf 90' lang='lat'>1,</span> <span class='ocrx_word' id='word_1_580' title='bbox 1139 2591 1176 2630; x_wconf 91' lang='lat'>1,</span> <span class='ocrx_word' id='word_1_581' title='bbox 1213 2588 1266 2621; x_wconf 88' lang='lat'>19.</span> <span class='ocrx_word' id='word_1_582' title='bbox 1314 2586 1539 2629; x_wconf 85' lang='lat' dir='ltr'>prosequitur</span> <span class='ocrx_word' id='word_1_583' title='bbox 1574 2585 1665 2619; x_wconf 84' lang='lat' dir='ltr'>haec</span> 
     </span>
    </p>
   </div>
   <div class='ocr_carea' id='block_1_22' title="bbox 167 2630 1705 2682">
    <p class='ocr_par' dir='ltr' id='par_1_23' title="bbox 167 2630 1705 2682">
     <span class='ocr_line' id='line_1_54' title="bbox 167 2630 1705 2682; baseline -0.005 -8"><span class='ocrx_word' id='word_1_584' title='bbox 167 2640 340 2674; x_wconf 88' lang='lat' dir='ltr'>memoria</span> <span class='ocrx_word' id='word_1_585' title='bbox 367 2641 405 2674; x_wconf 90' lang='lat' dir='ltr'>in</span> <span class='ocrx_word' id='word_1_586' title='bbox 433 2645 674 2682; x_wconf 79' lang='lat' dir='ltr'>senectutem,</span> <span class='ocrx_word' id='word_1_587' title='bbox 711 2644 746 2673; x_wconf 87' lang='lat' dir='ltr'>et</span> <span class='ocrx_word' id='word_1_588' title='bbox 769 2647 915 2681; x_wconf 84' lang='lat' dir='ltr'>usque</span> <span class='ocrx_word' id='word_1_589' title='bbox 942 2636 994 2669; x_wconf 87' lang='lat' dir='ltr'>ad</span> <span class='ocrx_word' id='word_1_590' title='bbox 1019 2645 1136 2668; x_wconf 88' lang='lat' dir='ltr'>mores</span> <span class='ocrx_word' id='word_1_591' title='bbox 1175 2631 1336 2674; x_wconf 82' lang='lat' dir='ltr'>proficiet</span> <span class='ocrx_word' id='word_1_592' title='bbox 1367 2633 1410 2664; x_wconf 78' lang='lat' dir='ltr'>ib.</span> <span class='ocrx_word' id='word_1_593' title='bbox 1441 2631 1498 2665; x_wconf 82' lang='lat'>36.</span> <span class='ocrx_word' id='word_1_594' title='bbox 1532 2630 1663 2666; x_wconf 77' lang='lat' dir='ltr'>instare</span> <span class='ocrx_word' id='word_1_595' title='bbox 1703 2637 1705 2639; x_wconf 85' lang='lat'>&#39;</span> 
     </span>
    </p>
   </div>
   <div class='ocr_carea' id='block_1_23' title="bbox 1692 2662 1728 2730">
    <p class='ocr_par' dir='ltr' id='par_1_24' title="bbox 1692 2662 1728 2730">
     <span class='ocr_line' id='line_1_55' title="bbox 1692 2662 1728 2730; baseline 0 0"><span class='ocrx_word' id='word_1_596' title='bbox 1692 2662 1728 2730; x_wconf 64' lang='grc' dir='ltr'>’ἑὲ</span> 
     </span>
    </p>
   </div>
   <div class='ocr_carea' id='block_1_24' title="bbox 166 2676 1662 2774">
    <p class='ocr_par' dir='ltr' id='par_1_25' title="bbox 166 2676 1662 2774">
     <span class='ocr_line' id='line_1_56' title="bbox 166 2676 1662 2728; baseline -0.004 -10"><span class='ocrx_word' id='word_1_597' title='bbox 166 2685 546 2727; x_wconf 83' lang='lat' dir='ltr'>proficientibus</span> <span class='ocrx_word' id='word_1_598' title='bbox 573 2691 609 2720; x_wconf 88' lang='lat' dir='ltr'>et</span> <span class='ocrx_word' id='word_1_599' title='bbox 632 2686 675 2719; x_wconf 89' lang='lat' dir='ltr'>ab</span> <span class='ocrx_word' id='word_1_600' title='bbox 704 2684 761 2727; x_wconf 88' lang='lat' dir='ltr'>iis,</span> <span class='ocrx_word' id='word_1_601' title='bbox 786 2694 903 2728; x_wconf 86' lang='lat' dir='ltr'>quae</span> <span class='ocrx_word' id='word_1_602' title='bbox 927 2692 1020 2715; x_wconf 88' lang='lat' dir='ltr'>non</span> <span class='ocrx_word' id='word_1_603' title='bbox 1045 2681 1298 2723; x_wconf 82' lang='lat' dir='ltr'>adjuvant,</span> <span class='ocrx_word' id='word_1_604' title='bbox 1321 2687 1426 2721; x_wconf 85' lang='lat' dir='ltr'>quam</span> <span class='ocrx_word' id='word_1_605' title='bbox 1453 2676 1662 2711; x_wconf 79' lang='lat' dir='ltr'>mollissime</span> 
     </span>
     <span class='ocr_line' id='line_1_57' title="bbox 168 2731 656 2774; baseline 0 -9"><span class='ocrx_word' id='word_1_606' title='bbox 168 2732 295 2774; x_wconf 86' lang='lat' dir='ltr'>pedem</span> <span class='ocrx_word' id='word_1_607' title='bbox 319 2732 456 2764; x_wconf 83' lang='lat' dir='ltr'>referre</span> <span class='ocrx_word' id='word_1_608' title='bbox 479 2733 514 2774; x_wconf 88' lang='grc'>6,</span> <span class='ocrx_word' id='word_1_609' title='bbox 541 2731 576 2774; x_wconf 90' lang='grc'>4,</span> <span class='ocrx_word' id='word_1_610' title='bbox 602 2733 656 2767; x_wconf 86' lang='grc'>19.</span> 
     </span>
    </p>
   </div>
   <div class='ocr_carea' id='block_1_25' title="bbox 122 2757 1728 2828">
    <p class='ocr_par' dir='ltr' id='par_1_26' title="bbox 122 2757 1728 2828">
     <span class='ocr_line' id='line_1_58' title="bbox 122 2757 1728 2828; baseline -0.007 -8"><span class='ocrx_word' id='word_1_611' title='bbox 122 2775 391 2820; x_wconf 81' lang='lat' dir='ltr'>Proficiscor·</span> <span class='ocrx_word' id='word_1_612' title='bbox 455 2793 593 2824; x_wconf 66' lang='lat' dir='ltr'>transt„-</span> <span class='ocrx_word' id='word_1_613' title='bbox 631 2786 824 2824; x_wconf 78' lang='lat' dir='ltr'>liberalitas</span> <span class='ocrx_word' id='word_1_614' title='bbox 861 2796 881 2820; x_wconf 81' lang='lat' dir='ltr'>a</span> <span class='ocrx_word' id='word_1_615' title='bbox 917 2794 989 2828; x_wconf 84' lang='lat' dir='ltr'>quo</span> <span class='ocrx_word' id='word_1_616' title='bbox 1026 2766 1188 2825; x_wconf 60' lang='lat' dir='ltr'>profecta</span> <span class='ocrx_word' id='word_1_617' title='bbox 1221 2779 1267 2813; x_wconf 76' lang='lat' dir='ltr'>sit</span> <span class='ocrx_word' id='word_1_618' title='bbox 1298 2778 1411 2813; x_wconf 84' lang='lat' dir='ltr'>refert</span> <span class='ocrx_word' id='word_1_619' title='bbox 1445 2782 1492 2822; x_wconf 88' lang='lat'>7,</span> <span class='ocrx_word' id='word_1_620' title='bbox 1529 2777 1573 2823; x_wconf 82' lang='lat'>4,</span> <span class='ocrx_word' id='word_1_621' title='bbox 1602 2757 1658 2812; x_wconf 90' lang='grc'>23.</span> <span class='ocrx_word' id='word_1_622' title='bbox 1716 2782 1728 2808; x_wconf 83' lang='grc'>.·</span> 
     </span>
    </p>
   </div>
   <div class='ocr_carea' id='block_1_26' title="bbox 1698 1896 1728 2668">
    <p class='ocr_par' dir='ltr' id='par_1_27' title="bbox 1698 1896 1728 2668">
     <span class='ocr_line' id='line_1_59' title="bbox 1698 1896 1728 2668; baseline 0 334"><span class='ocrx_word' id='word_1_623' title='bbox 1698 1896 1728 2668; x_wconf 95' lang='lat' dir='ltr'> </span> 
     </span>
    </p>
   </div>
   <div class='ocr_carea' id='block_1_27' title="bbox 1715 2738 1728 2771">
    <p class='ocr_par' dir='ltr' id='par_1_28' title="bbox 1715 2738 1728 2771">
     <span class='ocr_line' id='line_1_60' title="bbox 1715 2738 1728 2771; baseline 0 0"><span class='ocrx_word' id='word_1_624' title='bbox 1715 2738 1728 2771; x_wconf 62' lang='grc' dir='ltr'>,Ε</span> 
     </span>
    </p>
   </div>
  </div>
 </body>
</html>
