1728 3002
175 255 258 294 496
874 251 1017 295 Locus

221 368 302 402 foro
327 377 470 412 quoque
499 377 579 402 esse
603 366 661 402 his
683 366 806 415 figuris
830 367 854 404 l.
876 367 919 412 9,
942 371 979 412 2,
1001 367 1058 403 74.
1095 374 1135 403 ut
1157 369 1203 404 sit
1223 374 1259 404 et
1281 370 1449 406 fortunae
1470 371 1496 405 l.
1520 369 1566 413 4,
1592 371 1635 414 5,
1660 368 1716 405 14.

220 413 424 458 ubicunque
448 414 594 461 ingenio
618 425 693 449 non
717 414 784 448 erit
807 415 830 448 1.
859 416 894 458 3,
919 417 954 459 1,
981 417 1038 449 22.
1067 414 1112 457 cs.
1144 419 1179 459 7,
1201 414 1237 460 4,
1263 419 1323 452 23,
1359 428 1429 452 nec
1455 422 1511 452 est
1531 416 1719 451 mendacio

219 461 245 494 l.
275 464 328 503 11,
354 464 388 502 2,
411 461 465 494 39.
504 463 528 498 l.
555 466 608 494 est
635 461 831 495 narrationi
856 459 892 504 4,
917 463 952 505 2,
975 463 1009 497 5.
1036 460 1081 502 cs.
1107 460 1142 506 4,
1169 464 1205 505 3,
1232 462 1266 502 5,
1301 464 1467 498 omnibus
1491 464 1570 497 fere
1593 462 1717 497 verbis

221 507 270 541 in
294 507 453 540 oratione
478 508 503 539 l.
528 513 582 540 est
606 509 672 550 10,
697 511 731 550 1,
755 509 797 543 9.
825 506 869 549 cf.
894 508 939 550 8,
967 509 1011 552 3,
1038 510 1100 551 17;
1139 519 1213 543 non
1238 515 1292 543 est
1325 521 1467 554 semper
1495 509 1604 544 rectis
1628 505 1718 542 isin

223 554 404 587 suadendo
429 554 472 595 3,
497 554 532 596 8,
559 553 617 586 42.
651 564 741 598 quae
767 553 796 587 si
819 553 997 601 negligas,
1023 564 1097 588 non
1126 554 1171 588 sit
1194 555 1389 600 majoribus
1414 557 1438 589 l.
1466 557 1527 592 Pr.
1551 558 1585 590 5.
1611 554 1657 596 cs.
1683 558 1718 597 7,

222 603 256 642 1,
281 599 346 639 45;
372 598 524 633 consilio
548 601 573 633 1.
600 605 763 644 superest
787 600 831 643 5,
858 599 920 643 14,
946 603 990 635 27
1004 612 1014 643 3
1055 605 1109 634 est
1131 600 1191 634 hic
1215 602 1239 634 1.
1265 603 1319 635 ad
1342 601 1604 636 conciliandum
1627 600 1719 645 judi-

222 656 302 679 cem
325 645 367 688 4,
401 648 443 686 3,
476 646 513 682 9.
570 644 614 690 β)
649 650 775 682 Aecus.
819 647 858 689 a)
892 657 982 690 quae
1006 653 1088 680 sunt
1119 646 1159 680 in
1182 658 1325 692 quoque
1349 649 1558 693 praecipua,
1582 645 1718 692 proprii

219 693 339 725 locum
362 691 541 735 accipiunt
564 693 599 734 8,
623 695 658 736 2,
685 694 740 726 11.
778 692 840 737 qni
864 691 1040 736 (affectus)
1065 703 1139 727 non
1162 693 1296 738 ubique
1320 695 1454 730 habent
1475 696 1595 729 locum
1620 695 1656 735 3,
1683 693 1718 736 5,

222 743 255 771 2.
289 737 375 782 quid
399 737 444 772 in
467 737 648 782 plerisque
670 738 813 781 judiciis
836 740 970 773 habere
993 739 1067 773 loci
1089 744 1208 784 potest
1228 751 1338 783 ,supra
1362 742 1508 776 modum
1532 751 1571 775 se
1589 741 1721 773 tollens

221 785 362 819 oratio?
388 782 422 824 4,
446 790 481 825 2,
507 785 563 817 61.
590 783 634 826 cs.
660 788 696 827 7,
721 783 759 828 4,
782 786 838 820 18.
877 788 911 828 9,
935 784 978 828 4,
1004 786 1083 820 116.
1132 786 1212 820 Lat.
1234 787 1401 821 facundia
1426 788 1522 821 circa
1544 785 1720 820 rationem

222 831 413 875 eloquendi
438 831 504 864 vix
524 831 659 865 habere
683 831 889 865 imitationis
913 833 1034 866 locum
1061 831 1207 867 videtur
1231 835 1286 873 12,
1306 835 1364 876 10,
1386 837 1442 868 27.
1481 832 1624 868 virtutis
1648 833 1720 866 loc.

222 877 361 911 obtinet
385 877 420 920 4,
445 879 481 919 2,
506 874 565 911 45.
593 876 637 919 cs:
664 879 699 920 5,
725 880 781 919 13,
806 879 862 912 52.
897 879 932 919 ’7,
960 876 994 915 4,
1022 880 1077 912 12.
1115 881 1172 921 12,
1195 876 1238 922 4,
1261 882 1295 913 2.
1327 885 1518 914 vacantem
1541 889 1722 922 occupare

219 924 246 956 l.
270 924 314 967 8,
340 925 383 966 6,
409 925 465 958 18.
504 934 572 958 nec
595 934 745 966 usquam
769 925 850 967 plus
875 924 947 958 loci
969 923 1106 968 reperit
1130 924 1310 960 urbanitas
1337 927 1371 969 6,
1394 924 1430 968 4,
1457 928 1512 959 10.
1569 924 1610 967 b)
1648 924 1720 967 ads.

220 973 326 1004 Dai..·
355 969 404 1002 in
429 969 696 1004 definitionibus
725 969 925 1016 assignatur
948 970 1189 1018 etymologiae
1214 971 1316 1006 locus
1344 975 1378 1014 1,
1401 973 1437 1014 6,
1462 973 1521 1006 29.
1546 969 1593 1012 cf.
1613 970 1648 1013 5,
1665 972 1721 1013 13,

222 1019 255 1050 1.
287 1021 327 1049 ut
352 1026 428 1049 non
451 1015 497 1049 sit
521 1017 658 1050 dandus
676 1022 719 1050 ‘et
743 1017 910 1050 fortunae
934 1017 959 1049 1.
988 1019 1042 1059 10,
1067 1017 1103 1060 6,
1130 1018 1163 1051 5.
1190 1016 1238 1058 cf.
1263 1021 1319 1058 11,
1345 1020 1378 1061 3,
1406 1018 1442 1052 6.
1478 1016 1658 1051 faciebant
1676 1016 1722 1049 il-

219 1062 265 1096 lis
289 1061 386 1106 (fig.)
413 1063 534 1095 locum
557 1064 592 1105 9,
621 1065 656 1105 2,
680 1064 739 1098 79.
777 1073 849 1096 non
874 1062 1023 1097 invenio
1049 1062 1134 1097 huic
1156 1065 1275 1098 locum
1304 1066 1340 1107 3,
1363 1065 1399 1106 8,
1422 1066 1480 1098 22.
1513 1074 1631 1106 casus,
1660 1062 1722 1106 qui

220 1114 257 1142 et
288 1109 364 1152 ipse
398 1114 553 1152 praestat
583 1108 799 1153 argumentis
831 1111 950 1143 locum
982 1110 1023 1147 5,
1051 1111 1113 1151 10,
1139 1108 1194 1144 48.
1234 1109 1302 1145 vix
1325 1109 1424 1153 scio,
1455 1108 1514 1143 cui
1536 1108 1723 1153 reliquerit

220 1154 342 1198 (Cato)
370 1155 475 1197 hujus
499 1155 654 1189 nominis
678 1155 823 1189 loclun?
853 1158 907 1198 12,
932 1158 967 1198 7,
991 1154 1026 1189 4.
1076 1156 1114 1198 c)
1140 1163 1214 1200 post
1237 1159 1424 1200 Pmepos..·
1457 1155 1506 1189 in
1529 1155 1630 1199 cujus
1657 1156 1723 1188 10-

221 1212 321 1234 cum
350 1200 540 1234 assumitur
564 1199 704 1245 (nomen)
731 1204 765 1244 9,
791 1204 824 1244 1,
850 1204 883 1236 6.
923 1201 962 1234 in
984 1202 1008 1235 l.
1038 1203 1286 1246 exemplorum
1310 1203 1441 1237 cedunt
1464 1203 1499 1244 5,
1521 1204 1578 1244 11,
1598 1201 1655 1236 36.
1689 1201 1720 1234 Β

219 1247 256 1280 in
285 1249 355 1281 loc.
379 1247 526 1280 aliarum
558 1247 718 1281 dedimus
753 1251 768 1280 1
785 1273 796 1290 ,
820 1246 866 1290 4,
893 1246 946 1281 14.
990 1247 1029 1280 in
1054 1248 1182 1282 horum
1206 1248 1312 1282 trium
1337 1248 1409 1283 loc.
1431 1247 1597 1282 subditae
1621 1252 1721 1292 quat·

218 1298 302 1326 tuor
324 1294 458 1339 legales
483 1296 525 1335 3,
550 1295 585 1336 6,
612 1292 665 1328 54.
702 1294 898 1328 succedere
922 1294 960 1326 in
987 1304 1113 1327 eorum
1141 1293 1351 1339 (parentum)
1376 1295 1447 1329 loc.
1471 1297 1518 1337 2,
1541 1296 1584 1336 2,
1608 1292 1643 1327 4.
1682 1292 1722 1326 in

218 1340 291 1372 loc.
318 1339 545 1376 lacrimarum
571 1339 648 1382 ejus
673 1337 844 1382 (Milonis)
870 1339 947 1382 ipse
971 1338 1124 1382 (Cicero)
1149 1340 1321 1374 successit
1343 1341 1387 1383 6,
1413 1342 1447 1382 1,
1470 1340 1529 1374 25.
1555 1337 1600 1381 qs.
1625 1341 1660 1381 6,
1685 1340 1721 1381 5,

220 1387 278 1418 10.
316 1384 347 1418 si
369 1384 408 1417 in
431 1384 585 1417 alienum
610 1385 681 1418 loc.
710 1384 812 1418 venit
835 1384 1066 1427 (metaphora)
1090 1387 1125 1427 8,
1152 1387 1186 1427 6,
1215 1387 1270 1420 18.
1328 1385 1368 1429 γ)
1394 1388 1512 1419 Ablat.
1542 1386 1722 1418 adverbia.

221 1434 296 1464 liter
319 1433 343 1463 i.
369 1443 399 1474 q.
425 1433 545 1468 vice„-
581 1429 610 1463 si
635 1440 704 1464 vos
728 1429 766 1462 in
791 1439 835 1463 eo
858 1431 941 1463 loco
967 1429 1115 1472 esseda,
1150 1429 1235 1474 quid
1260 1430 1356 1464 aliud
1379 1429 1587 1464 fecissetis?
1616 1432 1720 1468 Caio

219 1480 265 1518 9,
290 1479 335 1518 2,
359 1479 423 1518 21,
465 1477 561 1520 quod
587 1475 719 1510 coloris
741 1477 847 1509 loco
871 1474 958 1509 dicit
983 1478 1027 1517 7,
1057 1478 1097 1516 1,
1123 1477 1181 1510 53.
1223 1475 1473 1519 accipiendum
1503 1475 1552 1519 (a.
1578 1480 1600 1510 1.
1634 1477 1720 1519 om.)

220 1521 379 1557 criminis
398 1524 425 1556 1.
453 1524 511 1564 11,
537 1525 569 1565 1,
594 1524 650 1556 28.
688 1522 712 1563 1.
738 1520 826 1563 iuris
854 1521 978 1565 quaeri
1002 1524 1043 1561 7,
1069 1519 1106 1564 4,
1132 1521 1187 1557 36,
1222 1522 1438 1556 narrationis
1461 1523 1487 1556 l.
1511 1532 1589 1556 rem
1613 1521 1723 1555 strin-

221 1575 280 1616 gat
305 1567 351 1612 4,
375 1571 420 1612 2,
445 1569 522 1602 128.
574 1573 847 1612 praeceptorum
871 1569 896 1601 l.
921 1568 1004 1601 ficta
1030 1566 1222 1611 (exempla)
1249 1571 1313 1611 12,
1339 1567 1384 1611 4,
1408 1571 1443 1602 2.
1479 1578 1555 1602 non
1578 1567 1728 1603 testium

217 1615 404 1649 habendos
427 1615 453 1648 l.
478 1616 513 1655 5,
536 1617 572 1657 7,
596 1617 629 1649 5.
664 1612 860 1647 testimonii
886 1615 910 1647 1.
940 1612 1081 1647 ducitur
1104 1614 1156 1655 (α.
1174 1618 1197 1647 l.
1223 1615 1362 1657 (licitur)
1387 1614 1428 1657 5,
1454 1615 1500 1657 9,
1525 1616 1582 1648 10.
1612 1610 1728 1648 testi-⁴-

218 1661 332 1695 monii
355 1662 378 1694 l.
403 1659 522 1704 posuit
549 1661 592 1702 6,
615 1662 650 1702 3,
677 1658 712 1692 4.
747 1659 931 1692 scientiam
954 1659 1096 1694 virtutis
1119 1660 1144 1692 l.
1170 1659 1271 1703 ponit
1293 1663 1338 1704 2,
1366 1661 1427 1702 15,
1454 1662 1512 1694 20.
1547 1671 1602 1703 ap.
1629 1668 1728 1708 quoq

219 1707 301 1743 vitii
327 1708 350 1741 l.
381 1712 435 1740 est
460 1707 496 1749 6,
523 1709 555 1748 1,
580 1709 615 1740 7.
663 1706 690 1739 Ε
715 1715 859 1749 quoque
884 1706 900 1738 1
929 1707 1011 1739 loco
1035 1705 1104 1739 fuit
1131 1709 1164 1748 1,
1188 1705 1224 1747 4,
1249 1709 1304 1741 17.
1333 1705 1379 1748 012
1404 1708 1462 1748 12,
1486 1707 1544 1748 10,
1568 1707 1626 1738 31.
1678 1700 1682 1708 ’

314 1752 384 1796 111)
411 1754 454 1786 de
477 1754 592 1786 ordine
620 1764 661 1784 ac
686 1754 866 1794 dignitate.-
904 1751 940 1792 α)
968 1751 1039 1785 Sed
1066 1756 1166 1793 esto,
1196 1762 1313 1796 neque
1335 1751 1519 1795 melius,
1548 1751 1644 1795 qnod
1662 1750 1720 1784 in-

218 1799 384 1835 venimus
397 1809 489 1841 esse,
510 1809 627 1842 neque
644 1809 743 1841 par,
768 1803 821 1831 est
834 1802 931 1831 certe
960 1797 1201 1840 proximus
1224 1798 1362 1832 locus
1386 1799 1444 1840 10,
1460 1799 1496 1840 5,
1515 1797 1549 1831 6.
1575 1797 1721 1831 ultimus

222 1847 267 1880 sit
278 1847 392 1880 famae
402 1846 427 1879 l.
438 1845 472 1887 8,
487 1847 522 1886 3,
536 1846 589 1878 13.
615 1855 663 1877 ex
684 1844 728 1877 iis
746 1843 917 1887 partibus,
938 1854 1088 1887 quarum
1102 1843 1192 1877 alius
1214 1849 1290 1878 erat
1302 1844 1404 1878 locus
1423 1842 1460 1887 4,
1469 1845 1504 1887 3,
1513 1844 1548 1877 3.
1565 1842 1625 1883 hic
1646 1847 1728 1878 erat

218 1892 424 1937 propositus
435 1890 569 1924 anobis
581 1889 618 1923 in
630 1890 842 1923 defensione
858 1891 881 1923 1.
900 1889 1025 1923 tertius
1045 1891 1100 1932 12,
1114 1891 1170 1932 10,
1182 1892 1214 1923 1.
1233 1889 1279 1931 cf.
1298 1890 1331 1931 5,
1347 1892 1402 1933 10,
1415 1891 1495 1924 118.
1510 1887 1721 1922 memoriam

219 1940 258 1973 in
268 1938 394 1973 ordine
405 1936 558 1981 partium
587 1936 731 1980 quidam
746 1935 950 1971 inventioni
967 1934 1243 1979 subjunxerunt,
1269 1935 1373 1969 nobis
1391 1940 1535 1980 quartus
1554 1934 1630 1976 ejus
1646 1935 1719 1969 loc.

217 1984 378 2019 maxime
402 1984 519 2027 placet
542 1984 577 2025 3,
599 1984 633 2025 3,
654 1984 711 2016 10.
747 1987 822 2015 erat
846 1981 973 2026 ordine
997 1981 1184 2025 proximus
1203 1982 1226 2014 1.
1249 1985 1284 2024 7,
1302 1983 1336 2024 3,
1354 1982 1411 2019 36.
1448 1983 1492 2024 1.,
1519 1980 1581 2024 qui
1598 1991 1719 2014 rerum

219 2031 384 2066 ordinem
408 2028 570 2073 sequitur
595 2027 631 2070 4,
658 2030 692 2070 3,
718 2025 781 2069 143
819 2027 973 2071 primum
995 2038 1038 2061 ac
1060 2026 1345 2071 potentissimum
1369 2027 1421 2072 (a.
1436 2031 1457 2061 l.
1477 2025 1721 2070 potissimum)

220 2077 360 2112 obtinet
383 2077 503 2109 locum
527 2076 572 2118 6,
599 2075 641 2116 5,
667 2075 701 2108 5.
726 2086 760 2107 v.
783 2073 813 2108 O
828 2072 1000 2107 btineo.
1036 2072 1122 2106 huic
1148 2072 1356 2106 tribuendus
1387 2077 1441 2106 est
1463 2071 1607 2116 quintus
1630 2073 1656 2108 1.
1681 2075 1718 2116 3,

219 2126 256 2167 3,
283 2126 317 2157 3.
342 2134 373 2157 v.
398 2121 568 2156 Palma.
614 2130 780 2166 magnum
805 2119 873 2153 sibi
896 2118 1056 2154 vindicat
1078 2120 1101 2152 1.
1130 2120 1192 2160 10,
1219 2120 1260 2162 1,
1283 2121 1362 2153 121.
1389 2117 1433 2159 cs.
1459 2120 1504 2152 ib.
1529 2119 1588 2153 89.
1612 2116 1658 2160 ej:
1682 2118 1719 2162 6,

220 2172 256 2213 3,
279 2169 325 2203 63
346 2169 416 2210 N.;
445 2170 478 2200 in
506 2167 654 2208 agendo.-
685 2166 721 2200 in
744 2171 935 2209 utrumque
961 2166 1047 2207 loc.‚
1074 2164 1227 2209 primum
1243 2169 1279 2197 et
1302 2164 1497 2198 secundum
1525 2164 1631 2198 simul
1652 2173 1722 2198 ex·-

223 2225 410 2250 erceamur
433 2215 476 2256 5,
503 2215 566 2255 13,
596 2213 641 2247 50
657 2213 705 2245 Ν.
731 2211 775 2252 cf.
797 2210 832 2254 4,
853 2214 888 2254 2,
908 2212 964 2246 29.
997 2211 1117 2244 Praef.
1144 2210 1228 2244 Vol·
1247 2210 1293 2243 ΙΙ.
1323 2221 1359 2253 p.
1377 2210 1442 2244 VI.
1497 2209 1541 2254 β)
1576 2210 1716 2244 Amat..-

219 2260 346 2296 humili
371 2261 452 2294 loco
482 2257 590 2301 4,’2,
613 2260 653 2299 2,
696 2257 882 2301 superiore
913 2258 937 2290 1.
974 2255 1124 2301 quisque
1155 2256 1399 2299 declamabat,
1435 2260 1476 2288 ut
1502 2255 1718 2299 praecedere

219 2308 389 2352 profectu
414 2305 605 2339 videbatur
632 2307 676 2347 1,
698 2306 733 2346 2,
760 2305 819 2349 23,
858 2302 941 2347 quid
967 2302 1106 2347 primo,
1131 2301 1214 2345 qnid
1239 2303 1422 2345 secundo,
1448 2301 1533 2346 q‘uid
1556 2300 1663 2340 tertio
1689 2300 1728 2337 l:

220 2354 268 2387 sit
301 2352 458 2386 dicturus
490 2352 533 2393 3,
555 2350 597 2393 9,
622 2351 654 2384 3.
694 2349 859 2394 primone
885 2359 929 2382 an
956 2357 1094 2381 summo
1126 2348 1149 2380 1.
1181 2348 1348 2390 ponenda
1374 2347 1447 2382 sint
1470 2347 1723 2392 potentissime>

219 2403 430 2447 argumenta
454 2397 496 2440 5,
523 2398 586 2437 12,
610 2394 665 2429 14.
712 2395 887 2429 rationem
912 2393 1019 2427 tertio
1044 2394 1069 2426 1.
1094 2393 1214 2437 posuit
1238 2394 1280 2437 5,
1306 2393 1363 2436 14,
1387 2393 1444 2428 18.
1469 2392 1516 2435 cs.
1549 2395 1586 2436 7,
1610 2395 1656 2435 2,
1679 2394 1728 2438 9.,-

220 2447 264 2488 8,
287 2446 330 2488 6,
355 2445 415 2479 67.
451 2443 487 2485 9,
511 2445 545 2484 2,
569 2442 603 2475 6.
637 2442 673 2484 9,
700 2442 735 2484 3,
758 2442 816 2476 93.
851 2441 908 2481 10,
934 2439 967 2480 5,
991 2441 1034 2472 21
1053 2439 1100 2472 Ν.
1137 2439 1319 2474 levissima
1341 2450 1504 2484 quaeque
1531 2436 1728 2484 (quaestio),

220 2491 337 2534 primo
358 2491 382 2524 l.
402 2487 563 2535 fungitur
579 2488 613 2529 3,
630 2487 664 2529 6,
681 2487 723 2528 8;
754 2489 787 2518 in
805 2486 954 2526 agendo.-
981 2495 1061 2518 cum
1085 2490 1166 2518 sunt
1190 2485 1309 2519 omnia
1330 2484 1450 2529 priore
1474 2486 1499 2518 1.
1524 2490 1624 2519 recte
1647 2495 1725 2534 ex-<

220 2536 338 2578 posita
361 2535 401 2578 4,
426 2537 470 2576 2,
495 2536 517 2568 5
533 2533 580 2566 N.
629 2532 746 2576 primo
777 2530 939 2575 protinus
962 2531 985 2563 1.
1011 2530 1161 2564 dicimus
1185 2531 1227 2574 4,
1252 2535 1290 2574 1,
1314 2530 1362 2565 24
1377 2531 1424 2565 Ν.
1470 2531 1496 2566 l.
1520 2541 1541 2564 a
1563 2529 1726 2588 petitore,

221 2581 338 2624 primo
365 2583 398 2624 5,
422 2582 479 2623 13,
503 2578 560 2614 45.
594 2579 766 2622 pleraque
789 2575 986 2611 convenire
1005 2582 1134 2610 neutro
1153 2577 1176 2610 l.
1203 2579 1260 2619 11,
1283 2579 1317 2620 1,
1336 2577 1393 2612 15.
1425 2576 1531 2611 etiam
1558 2576 1726 2619 secundo<

221 2627 331 2669 partis
354 2637 443 2659 suae
464 2627 487 2705 15.
512 2635 660 2705 nagrrare
682 2623 725 2666 4,
749 2626 791 2666 2,
815 2624 881 2666 28;
914 2633 1094 2667 purpurae
1120 2622 1166 2656 in
1188 2624 1293 2658 loco
1321 2623 1371 2666 (ἰ.
1392 2635 1424 2658 e.
1448 2619 1721 2666 opportune)

222 2671 376 2705 insertae
403 2673 426 2705 8
523 2674 545 2704 2
573 2694 582 2703 .
1707 2680 1713 2700 .

315 2716 386 2759 1V)
423 2698 455 2748 i'n
478 2696 612 2758 s'criptis
635 2722 666 2749 et
690 2715 903 2748 orationibus.
950 2710 991 2754 α)
1022 2722 1096 2747 uno
1122 2723 1185 2747 ero
1211 2713 1380 2756 exemplo
1404 2717 1615 2756 contentus,
1639 2712 1728 2757 ejus?

223 2761 322 2804 loci,
348 2771 419 2805 quo
447 2759 525 2796 cic.
550 2759 635 2794 dicit
658 2762 693 2801 8,
719 2759 753 2798 4,
780 2761 836 2794 28.
869 2758 975 2799 huius
999 2769 1142 2802 quoque
1166 2760 1190 2792 l.
1214 2759 1279 2800 (sc.
1304 2759 1440 2799 majoris
1464 2759 1610 2803 alicujus
1636 2762 1728 2797 ora-‚³⁴

224 2808 324 2841 fionis'
345 2805 462 2851 partis)
488 2807 645 2840 clausula
670 2809 727 2849 11,
751 2807 784 2848 3,
805 2806 889 2846 181;
915 2805 1010 2849 quod
1034 2805 1164 2849 cuique
1189 2805 1212 2837 l.
1238 2803 1450 2848 conveniat,
1479 2809 1638 2849 aptemus
1658 2805 1722 2847 10,λ

224 2856 270 2897 2,
294 2853 351 2888 26.
394 2850 615 2896 potissimum
640 2852 725 2886 huic
750 2853 774 2886 1.
800 2850 1032 2894 subjiciantur
1058 2853 1119 2894 11,
1144 2851 1190 2894 3,
1210 2850 1268 2886 56.
1307 2848 1407 2894 pedis
1438 2849 1643 2895 supplosio,
1675 2841 1728 2904 11ὶῆ
