1728 3002
93 195 176 236 218
261 192 268 196 ’
592 191 801 250 Deprlmo
829 217 885 225 —-
913 192 1143 259 Descendo

142 309 200 351 10,
229 310 263 351 1,
286 306 345 342 41.
399 303 446 351 β)
472 307 497 343 t.
519 320 552 353 q.
579 309 814 343 convinco.-
848 307 1141 354 deprehensi
1165 307 1308 344 interim
1333 308 1509 354 pudorem
1531 319 1634 344 suum

139 354 261 399 aliquo
276 353 430 388 ridiculo
455 352 696 398 explicant
718 356 752 398 6,
771 357 806 398 3,
823 358 901 390 100.
925 354 1058 399 (testes)
1081 357 1161 400 plus
1183 356 1466 400 deprehensi
1489 361 1636 399 nocent,

141 412 248 445 quani
274 399 401 434 firmi
426 405 462 434 et
484 399 699 435 interriti
722 401 944 445 profuissent
971 402 1008 446 5,
1024 405 1060 446 7,
1082 405 1147 444 113
1176 402 1215 436 in
1237 401 1440 437 notioribus
1463 402 1636 448 frequen-

137 447 275 482 tissime
298 447 613 491 deprehenduntur
639 458 660 480 a
686 447 836 482 curiosis
861 451 903 492 1,
929 449 973 491 8,
997 451 1063 491 21;
1094 448 1267 483 orationis
1301 447 1536 492 compositio,
1566 447 1638 482 nisi

138 494 242 528 varia
266 498 339 536 est,
369 498 405 527 et
429 492 578 527 offendit
605 492 836 528 similitudine
864 500 900 529 et
922 493 960 528 in
983 494 1210 529 affectatione
1237 494 1516 539 deprehenditur
1531 494 1573 538 9,
1597 492 1635 537 4,

138 541 187 575 60
204 544 246 574 Ζ.
276 539 403 573 amittit
429 545 467 574 et
487 539 595 573 fidem
619 546 655 574 et
682 541 828 574 affectus
853 546 1043 585 motusque
1067 551 1206 580 omnes,
1232 541 1294 586 qui
1317 547 1371 576 est
1396 540 1436 575 in
1460 541 1530 575 hac
1550 549 1638 575 eura

139 587 385 630 deprehensus
402 586 437 629 9,
454 584 491 629 4,
513 584 591 620 143.
621 588 883 629 protrahendus
897 587 1028 631 (testis),
1055 593 1095 621 ut
1117 587 1155 621 in
1180 587 1313 632 aliquo,
1339 587 1436 632 quod
1456 587 1519 622 vel
1534 591 1639 620 extra

139 643 282 667 causam
316 631 384 676 sit,
421 633 710 676 deprehendatur
742 635 786 676 5,
822 637 865 678 7,
899 634 956 670 19.
995 633 1027 669 si
1057 633 1096 668 in
1130 633 1320 669 mendacio
1349 635 1412 669 vel
1445 631 1639 679 ,cupiditate

139 678 316 723 loquendi
340 679 654 722 deprehendantur
702 682 745 714 ib.
771 682 829 715 30.

93 723 316 780 DeprimO.
363 735 449 782 quid
476 735 634 770 elocutio
661 737 855 771 attollat
881 741 942 771 aut
969 736 1199 782 deprimat
1222 737 1258 781 8,
1285 737 1322 780 3,
1348 738 1407 773 90.

94 779 323 838 Depugno·
381 793 439 838 (de
467 793 673 839 gladiatore)
709 795 797 829 Eras
836 795 981 842 dignus,
1014 800 1055 828 ut
1088 795 1241 830 haberes
1270 793 1447 843 integram
1478 801 1637 828 manum.

144 840 204 874 Sic
232 839 328 875 enim
352 839 514 884 auditur,
537 846 585 874 ut
611 842 911 888 depugnares
935 843 970 885 8,
999 841 1033 884 5,
1062 844 1107 875 12
1154 842 1204 876 Ν.

93 883 318 941 ΠΘΡΠῙΞῘΟ·
374 909 448 932 non
473 910 493 932 a
519 898 730 943 depulsione
751 898 842 933 sumi
868 897 1038 943 (aarum),
1063 899 1127 933 sed
1145 900 1189 933 ab
1205 909 1263 943 eo,
1282 898 1344 944 qui
1357 895 1638 944 propositionem

139 955 241 977 suam
266 943 453 978 confirmet
479 947 585 979 Cels.
617 947 652 987 3,
677 946 712 988 6,
740 948 794 981 13.
824 947 877 980 Ita
901 945 969 979 erit
994 944 1139 990 quidem
1161 951 1272 980 status
1298 956 1347 980 ex
1368 943 1483 988 prima
1511 943 1638 986 depul-

140 989 257 1032 sione,
287 991 349 1024 sed
368 1001 412 1025 ea
434 991 497 1024 fiet
520 991 564 1024 ab
582 997 795 1025 accusatore
821 994 864 1026 ib.
893 995 948 1026 17.
975 991 1020 1032 cs.
1046 992 1102 1026 16.
1141 991 1388 1036 depulsionem
1411 1000 1554 1024 omnem
1580 987 1640 1022 in-

138 1036 313 1070 fitiatione
339 1037 473 1081 duplici
497 1037 723 1081 (consistere),
749 1039 950 1081 factumne,
978 1044 1014 1072 et
1039 1049 1086 1072 an
1114 1039 1185 1072 hoc
1207 1038 1340 1072 factum
1368 1037 1486 1072 esset?
1515 1037 1552 1079 8,
1575 1035 1637 1069 Pr.

138 1084 174 1162 21⁴.
199 1082 408 1136 (altercatio)
433 1090 575 1119 constat
601 1090 662 1119 aut
685 1084 956 1120 intentione
980 1090 1041 1119 aut
1075 1083 1365 1130 depulsione
1393 1084 1435 1127 6,
1462 1080 1508 1126 4,
1531 1084 1566 1116 2.
1605 1092 1635 1114 v·

167 1135 366 1164 utentio-

92 1172 299 1216 Del'ideo·
356 1197 438 1239 cum
471 1191 645 1231 patronus
676 1186 837 1222 derideat
872 1195 933 1222 etc.
960 1187 1004 1232 5,
1041 1189 1107 1231 13,
1141 1189 1177 1223 2.
1212 1186 1439 1223 ambitiosum
1463 1183 1640 1236 gloriandi

135 1241 252 1278 genus
278 1237 350 1275 est,
375 1238 484 1267 etiam
511 1234 676 1267 deridere
704 1237 760 1278 11,
786 1237 819 1277 1,
849 1237 906 1268 21.

92 1276 386 1322 Deridiculus·
441 1290 537 1334 quod
562 1290 685 1324 evenit
707 1310 755 1317 —
779 1302 895 1336 usque
920 1291 965 1325 ad
988 1289 1185 1325 deridicula
1215 1292 1248 1334 1,
1274 1291 1310 1334 8,
1336 1292 1395 1325 21.

91 1336 289 1378 Derisor·
344 1345 500 1391 denique
527 1347 790 1392 superstitiosi,
818 1348 954 1392 timidi,
983 1347 1162 1382 derisores
1186 1347 1275 1381 fiunt
1300 1349 1335 1391 3,
1365 1348 1402 1391 8,
1429 1347 1488 1384 51.

93 1394 292 1437 Derisus·
339 1415 360 1438 a
385 1404 545 1439 derisu
568 1416 643 1439 non
658 1406 787 1450 procul
811 1406 911 1440 abest
937 1406 1062 1440 risus
1091 1406 1126 1449 6,
1150 1406 1185 1448 3,
1214 1408 1251 1440 7.
1283 1404 1378 1439 lenis
1402 1402 1456 1450 (α.
1479 1408 1501 1439 1.
1528 1403 1635 1447 levis)

140 1450 272 1486 caloris
305 1451 413 1485 alieni
449 1451 587 1485 derisus
620 1452 662 1494 6,
696 1455 739 1495 2,
774 1453 828 1487 15.
873 1452 1112 1486 dissimulatus
1144 1451 1287 1496 quidam
1322 1452 1387 1485 sed
1422 1462 1497 1485 non
1523 1452 1639 1486 latens

139 1496 278 1531 derisus
303 1498 346 1541 8,
381 1498 424 1539 6,
456 1499 511 1533 59.
545 1498 682 1532 derisus
718 1499 868 1543 (naribus
891 1498 1074 1545 labrisque)
1098 1497 1290 1546 significari
1322 1499 1416 1540 solet
1440 1500 1497 1542 11,
1519 1500 1555 1541 3,
1579 1499 1639 1533 80.

92 1542 334 1585 Derivatio·
387 1554 470 1599 quia
505 1555 550 1590 sit
577 1556 704 1601 quaed.
727 1555 920 1591 virtutibus
943 1567 984 1590 ac
1011 1554 1109 1591 vitiis
1135 1554 1322 1599 vicinitas,
1354 1555 1527 1590 utendum
1551 1567 1637 1599 pro-

136 1600 242 1683 ξίιῐὲεὲ
269 1600 519 1683 ῗτὶἒᾶἓοέξη
536 1603 754 1647 verborum,
784 1608 826 1637 ut
847 1613 915 1648 pro
938 1602 1131 1638 temerario
1156 1602 1288 1637 fortem
1313 1608 1374 1636 etc.
1409 1601 1568 1636 dicamus
1599 1603 1637 1646 3,

162 1674 172 1690 ‚
308 1670 319 1682 D
523 1672 532 1683 0

94 1692 275 1735 Derlvo·
330 1710 446 1741 transl.
501 1707 536 1748 1)
573 1705 611 1746 α)
634 1707 786 1740 deduco:
814 1705 885 1740 alia
914 1712 950 1741 et
973 1705 1132 1748 minora,
1170 1710 1206 1739 et
1240 1708 1362 1739 tamen
1387 1713 1436 1738 ex
1466 1701 1524 1737 his
1554 1703 1637 1737 fon-

138 1752 234 1786 tibus
258 1750 422 1787 derivata
447 1755 483 1796 2,
510 1755 566 1797 17,
590 1751 647 1787 40.
682 1751 729 1796 β)
759 1760 934 1787 averio:
958 1751 1101 1786 interim
1127 1750 1311 1786 derivatur
1332 1748 1385 1795 in
1406 1760 1484 1783 rem
1503 1748 1636 1794 (culpa)

137 1802 174 1841 7,
199 1796 235 1839 4,
261 1796 317 1831 14.
375 1797 423 1841 11)
457 1812 554 1833 sensu
579 1801 827 1834 Grammatico-.-
865 1798 980 1833 nostri
1012 1797 1051 1831 in
1083 1796 1324 1843 jungendo
1355 1800 1418 1829 aut
1446 1795 1485 1829 in
1516 1795 1636 1829 deri-

136 1844 287 1880 vando
315 1846 456 1888 paulum
482 1845 616 1890 aliquid
639 1844 716 1879 ausi
738 1846 774 1889 8,
800 1847 834 1887 3,
858 1847 901 1879 31
930 1845 977 1878 Ν.
1003 1843 1251 1886 derivare,
1274 1841 1504 1885 flectere,
1531 1851 1638 1876 con-

136 1891 362 1937 jungere,
388 1892 485 1935 quod
507 1891 599 1925 natis
627 1897 752 1936 postea
776 1901 990 1925 concessum
1015 1895 1089 1932 est,
1118 1889 1261 1933 (suendo
1299 1886 1407 1922 desiit
1427 1887 1568 1922 licere?
1593 1890 1637 1922 ib.

138 1938 195 1972 36.
222 1948 291 1970 nec
320 1949 340 1970 a
364 1937 487 1971 verbis
510 1939 620 1972 modo
643 1938 706 1971 sed
730 1948 750 1970 a
773 1937 975 1971 nominibus
1001 1946 1145 1980 quoque
1165 1934 1328 1969 derivata
1350 1939 1434 1968 sunt
1447 1934 1634 1978 quaedam,

139 1989 180 2017 ut
198 1995 218 2017 a
235 1982 412 2018 Cicerone
434 1984 532 2018 Sull
544 1984 688 2019 aturit
706 1990 767 2018 eto.
796 1985 840 2017 ib.
857 1985 914 2018 32.
941 1981 1048 2017 etiam
1068 1981 1242 2025 derivata,
1265 1986 1306 2015 ut
1321 1991 1342 2015 a
1358 1980 1554 2016 velocitate
1581 1980 1638 2014 di-

143 2029 236 2064 citur
262 2030 407 2065 velox
433 2032 467 2073 1,
494 2031 530 2074 6,
554 2031 613 2066 38.

94 2074 286 2131 Derogo·
342 2097 425 2121 cum
450 2098 538 2122 cura
563 2088 759 2124 verborum
786 2087 934 2134 deroget
959 2084 1146 2120 affectibus
1172 2083 1280 2119 fidem
1304 2083 1341 2127 9,
1367 2085 1404 2128 3,
1432 2085 1512 2118 102.

92 2143 336 2186 Descessdo-
385 2156 420 2198 1)
443 2158 588 2199 proprie.
612 2158 655 2199 a)
680 2155 719 2190 in
742 2154 931 2189 Piraeeum
956 2165 996 2189 se
1019 2152 1249 2187 descendisse
1271 2153 1306 2194 8,
1329 2152 1366 2196 6,
1389 2149 1447 2187 64.
1475 2162 1532 2196 ap.
1559 2152 1642 2187 Ho-

141 2212 299 2243 merum,
328 2213 410 2236 cum
432 2203 623 2237 Menelaus
653 2203 780 2246 Grajos
807 2202 846 2235 in
873 2212 1004 2246 equum
1033 2198 1260 2234 descendisse
1285 2197 1339 2243 (a.
1368 2202 1390 2232 1.
1419 2199 1562 2233 ascend.
1591 2203 1638 2233 al.

139 2247 181 2291 in
206 2257 301 2291 equo
326 2248 462 2283 sedisse
487 2253 534 2283 al.
552 2249 646 2283 intra
662 2261 720 2294 eq.
742 2245 938 2290 desedisse)
969 2246 1019 2281 ait
1044 2247 1081 2289 8,
1108 2248 1143 2288 3,
1167 2244 1213 2280 84
1230 2245 1278 2278 Ν.
1329 2246 1369 2288 β)
1395 2246 1419 2277 ί.
1436 2245 1636 2288 q.‘demi1-

143 2300 184 2326 to
199 2306 236 2326 r.-
265 2299 365 2328 tanto
395 2295 695 2330 contractioribus
722 2294 855 2329 ultimis
880 2292 1020 2339 digitis,
1053 2296 1188 2336 quanto
1210 2299 1351 2335 pnores
1378 2290 1640 2325 descenderunt

142 2341 207 2380 11,
232 2341 253 2373 3
268 2364 279 2381 ,
304 2341 361 2374 95.
403 2346 442 2374 ut
464 2353 643 2385 purpurae
667 2347 768 2376 recte
793 2341 1013 2376 descendant
1034 2341 1079 2372 ib.
1109 2338 1196 2379 1393
1229 2341 1270 2369 ut
1292 2335 1483 2371 inferiores
1513 2335 1642 2381 (vites)

142 2383 287 2428 penitus
311 2386 564 2422 descendendo
580 2388 766 2422 firmentur
784 2390 839 2430 10,
852 2390 887 2429 7,
901 2387 958 2421 28.
1006 2385 1059 2426 ΙΙ)
1084 2387 1202 2416 transl.
1225 2380 1269 2426 α)
1287 2384 1330 2415 de
1349 2394 1432 2416 voce
1447 2389 1479 2416 et
1497 2383 1642 2426 affectu:

146 2430 239 2473 (vox)
266 2431 503 2466 attollitur
531 2433 720 2468 concitatis
748 2433 958 2474 affectibus,
991 2428 1200 2473 compositis
1235 2428 1490 2462 descendit
1523 2431 1581 2472 11,
1603 2431 1640 2472 3,

145 2476 204 2510 65.
234 2475 349 2510 oratio
378 2488 453 2511 non
479 2479 673 2514 descendet
703 2482 748 2514 ad
775 2479 960 2522 strepittun
986 2476 1179 2523 digitorum
1202 2475 1237 2517 9,
1261 2473 1297 2516 4,
1314 2474 1378 2508 55.
1404 2485 1507 2509 acres
1527 2475 1641 2519 (sylla-

146 2520 239 2564 bae),
266 2533 358 2565 quae
388 2535 435 2556 ex
461 2524 631 2559 brevibus
655 2527 700 2559 ad
724 2527 849 2572 longas
873 2524 1151 2570 insurgunt,
1178 2520 1347 2563 leniores,
1375 2531 1501 2565 quaen
1521 2519 1640 2566 longis

146 2568 198 2602 in
230 2568 361 2601 breves
395 2570 687 2605 descendunt
727 2574 770 2605 ib.
805 2574 874 2613 923
917 2568 1025 2604 facile
1057 2567 1231 2602 deficit
1262 2566 1428 2608 effecum,
1469 2565 1531 2610 qui
1564 2566 1640 2599 de-
1710 2561 1728 2598 ὲ

147 2613 339 2648 scendit
362 2612 397 2656 6,
427 2617 459 2656 1,
487 2616 543 2649 29.
574 2616 709 2651 Eadem
735 2619 814 2652 sere
837 2622 893 2651 est
917 2614 1009 2650 ratio
1032 2612 1226 2648 minuendi.
1273 2613 1364 2645 Nam
1389 2610 1538 2645 totidem
1558 2616 1642 2644 sunt

149 2658 542 2703 ascendentibus,
580 2668 667 2705 quot
691 2660 1111 2703 descendentibus,
1145 2659 1274 2706 gradus
1296 2658 1342 2700 8,
1364 2655 1408 2699 4,
1433 2658 1491 2709 28ἰ
1530 2655 1571 2700 β)
1594 2659 1640 2690 in

152 2707 332 2751 aliquid
346 2719 356 2738 .-
390 2704 428 2738 in
452 2706 631 2741 silentium
654 2720 769 2752 usque
798 2709 1016 2742 descendant
1042 2709 1099 2748 10,
1122 2708 1158 2748 3,
1184 2707 1238 2739 12.
1271 2708 1490 2749 grammatic!
1515 2711 1641 2736 Omnes

151 2752 191 2786 in
224 2752 317 2784 hanc
344 2751 563 2786 descendent
596 2764 715 2787 rerum
742 2754 948 2789 tenuitatem
986 2755 1017 2796 1,
1041 2750 1078 2793 4,
1101 2755 1136 2786 7.
1174 2749 1402 2784 Alcaeus-
1432 2747 1470 2782 in
1501 2750 1641 2783 amores

80 2829 85 2851 ἱ
154 2797 338 2832 descendit
373 2800 435 2839 10,
470 2801 514 2841 1',
546 2799 592 2834 63
624 2803 667 2834 Z.
700 2801 746 2834 N.
782 2813 851 2844 er.,·
899 2799 999 2843 cujus
1039 2795 1245 2842 disciplinae
1284 2804 1374 2829 usus
1400 2793 1449 2828 in
1483 2799 1645 2830 nostram
