1728 3002
96 187 180 226 344
197 174 208 178 ’
796 187 953 229 Pinnio

149 297 251 343 quasi
283 297 495 334 tinnientem
529 302 596 344 12,
623 301 690 344 10,
719 301 776 334 31.
810 306 980 345 quantum
1003 302 1154 337 interest
1174 322 1220 328 —
1261 302 1374 338 verba
1396 303 1522 339 eadem
1569 314 1637 347 qua

149 344 409 388 compositione
436 347 497 381 vel
530 345 577 379 in
604 351 740 380 textu
768 347 978 393 iungantur,
1005 350 1066 383 vel
1097 348 1144 383 in
1172 348 1278 383 fine
1309 350 1516 384 claudantur
1542 350 1578 392 9,
1601 348 1637 392 4,

150 392 205 425 13.
241 402 287 427 ne
311 391 466 435 plurium
491 393 707 436 syllabarum
738 392 794 426 his
826 394 947 428 verbis
984 400 1125 429 utamur
1156 394 1194 429 in
1225 395 1298 429 fine
1330 397 1374 429 ib.
1401 395 1465 430 66.-
1498 395 1638 439 vjtinm,

149 438 245 481 quod
270 445 345 472 erat
367 439 405 472 in
429 439 519 481 fine,
549 438 770 472 continuatio
797 442 962 475 emendat
989 444 1033 475 ib.
1058 444 1115 477 70.
1138 441 1176 475 in
1199 441 1271 475 fine
1297 451 1364 485 pro
1390 442 1499 488 longa
1524 440 1639 484 accipi

146 483 295 519 brevem
319 487 360 518 ib.
387 486 455 527 93‚·
488 484 527 518 in
547 485 618 519 fine
642 485 785 519 interim
810 486 902 520 cadit
926 488 1072 531 (manus)
1095 490 1152 531 11,
1176 489 1212 531 3,
1239 488 1317 523 106.
1342 493 1485 535 geetuS,
1517 488 1580 532 qui
1602 487 1641 520 in

147 529 219 564 fine
245 531 474 565 dexter‘'esse
498 531 605 565 debet
626 534 668 565 ib.
687 533 765 567 109.

242 588 292 624 ΙΙ)
321 589 367 629 id,
393 600 455 632 quo
479 590 644 622 1enditur:
680 588 711 622 si
733 589 840 623 mutis
864 589 1075 624 animalibus
1097 590 1178 625 finis
1197 591 1385 635 voluptas,
1408 591 1503 625 idem
1526 589 1643 625 homi-

148 632 255 667 nibus
284 635 327 675 5,
352 637 419 674 11,
443 633 500 668 34.
541 646 623 668 cum
648 634 718 668 sint
742 635 868 675 artium
891 636 980 670 aliae
1006 637 1144 681 positae
1167 657 1214 663 —
1242 636 1281 671 in
1304 638 1467 685 agendO,
1496 647 1646 681 quarum·

149 678 189 713 in
210 680 279 713 hoc
304 679 384 714 finis
409 685 482 722 est,
521 686 556 714 et
581 680 661 724 ipso
689 687 770 715 actu
794 682 975 726 perficitur
998 686 1042 727 2,
1072 685 1136 726 18,
1168 686 1201 718 1.
1241 695 1347 718 cansa
1370 689 1425 718 est
1447 682 1643 730 negotium,

150 726 251 768 cujus
283 725 363 760 finis
397 732 451 760 est
483 727 732 762 controversia
763 730 806 770 3,
839 730 879 771 5,
915 730 958 764 17
987 731 1031 763 Ν.
1105 730 1206 765 Sitne
1228 729 1343 764 virtus
1366 729 1480 763 finis?
1517 731 1560 763 ib.
1585 731 1643 762 12.

148 771 255 805 finem
286 784 364 807 esse
387 773 606 816 rhetorices,
636 774 767 808 ducere
792 775 958 809 homines
981 783 1044 810 etc.
1070 779 1106 820 2,
1132 777 1188 820 15,
1213 778 1268 810 10.
1304 775 1460 815 suasoris
1486 775 1568 808 finis
1591 779 1647 808 est

148 817 281 852 utilitas
306 820 396 862 ejus,
429 819 486 853 cui
513 820 664 864 quisque
689 822 814 855 suadet
840 823 874 865 3,
898 823 933 865 ὃ,
957 821 1016 856 42.
1047 823 1090 856 ad
1118 823 1226 856 finem
1250 822 1347 857 vitae
1372 822 1495 855 utilem
1524 824 1568 863 2,
1587 824 1643 862 17,

148 862 207 900 41.
234 866 279 898 ad
298 866 415 899 solum
438 867 546 900 finem
569 866 683 901 laudis
708 873 743 901 et
758 867 893 914 gloriae
910 869 1035 904 tendat
1057 870 1092 912 8,
1105 871 1140 912 3,
1154 871 1208 903 11.
1230 867 1269 903 in
1283 867 1472 903 rhetoricis
1492 867 1644 908 (Cicero)

148 910 258 944 finem
279 911 366 945 facit
392 910 494 955 (artis
517 912 701 957 oratoriae)
727 915 944 958 persuadere
970 917 1011 959 2,
1035 916 1098 957 15,
1123 915 1147 950 6
1175 915 1220 950 Ν.
1257 926 1362 959 quem
1384 914 1553 956 finem,
1580 913 1644 947 vel

150 956 236 1000 quid
271 969 492 992 summum
525 965 561 993 et
593 959 813 994 ultimum
849 961 980 995 habeat
1014 960 1195 995 rhetorice
1227 963 1272 995 ib.
1296 962 1353 996 38.
1391 964 1645 1002 omnesrartes

149 1003 284 1038 habere
315 1005 424 1038 finem
452 1005 607 1050 aliquem
629 1008 872 1051 propositum,
909 1009 954 1041 ad
976 1019 1081 1052 quern
1111 1008 1261 1041 tendunt
1290 1009 1334 1050 2,
1363 1009 1420 1050 17,
1448 1008 1506 1039 22.
1537 1005 1647 1040 finem

148 1050 246 1083 hunc
271 1051 463 1094 praestabit
487 1057 610 1085 orator
637 1055 692 1095 12,
711 1054 746 1096 9,
767 1054 801 1088 6.
829 1054 889 1098 qui
913 1053 950 1087 in
973 1055 1221 1097 persuadendo
1246 1053 1354 1087 finem
1379 1057 1504 1096 putant
1529 1053 1563 1093 2,
1586 1053 1647 1093 17,

150 1095 207 1129 34.
242 1107 316 1130 non
341 1098 576 1141 persuadendi
602 1100 667 1132 sed
692 1100 784 1133 bene
807 1100 949 1134 dicendi
974 1101 1084 1134 finem
1108 1100 1146 1134 in
1173 1105 1318 1134 oratore
1346 1098 1563 1133 servandum
1586 1099 1646 1139 11,

151 1144 258 1184 1‚11;
287 1143 316 1176 si
340 1149 459 1177 tamen
483 1145 643 1178 medicus
666 1156 827 1179 summa
851 1157 924 1180 non
949 1146 1134 1193 contingit,
1162 1147 1246 1179 dnm
1268 1145 1346 1190 ipse
1368 1143 1488 1187 omnia
1515 1153 1646 1195 secu-n-

150 1188 235 1220 dum
261 1188 438 1223 rationem
466 1191 606 1234 fecerit,
639 1192 837 1226 medicinae
863 1193 963 1226 fine
988 1204 1061 1226 non
1084 1191 1229 1227 excidet
1257 1195 1293 1237 2,
1322 1194 1378 1235 17,
1398 1191 1458 1226 25.
1495 1190 1645 1234 justitia,

148 1233 335 1276 fortitudo,
364 1235 585 1270 continentia
609 1248 675 1270 suo
704 1239 776 1272 fine
799 1238 1045 1286 intelliguntur
1069 1242 1104 1282 2,
1128 1241 1195 1283 21,
1219 1240 1254 1273 3.

245 1291 313 1334 Ill)
341 1294 364 1325 i.
385 1305 416 1336 q.
444 1292 679 1335 definitio.-
704 1296 882 1328 ducuntur
908 1302 1114 1342 argumenta
1136 1306 1185 1330 ex
1209 1293 1441 1329 finitione
1465 1303 1529 1327 seu
1547 1291 1646 1343 fine

150 1338 185 1379 5,
215 1339 280 1380 10,
304 1336 349 1371 54
373 1339 417 1374 Ν.
451 1344 505 1372 est
526 1339 835 1382 frequentissimus
859 1342 951 1384 finis,
977 1342 1182 1376 rhetoricen
1206 1353 1285 1375 esse
1310 1337 1647 1384 vim'persuadendl

149 1385 185 1425 2,
210 1385 266 1424 15,
291 1385 312 1417 3
340 1385 386 1417 N.
431 1383 481 1425 cfi
502 1387 546 1418 ib.
571 1385 604 1419 6.
633 1405 681 1410 -——
711 1385 862 1419 idoneus
897 1389 941 1420 ib.
969 1388 1004 1422 9.
1041 1387 1246 1422 f.‘1naxime
1267 1387 1425 1421 illustres
1453 1388 1498 1419 ib.
1522 1387 1579 1420 37.
1609 1388 1650 1417 ut

149 1429 293 1464 interim
316 1441 389 1464 non
411 1430 455 1464 sit
479 1431 644 1474 proprius
667 1432 730 1466 fin.
756 1432 832 1474 ejus
859 1431 1056 1476 (oratoris),
1090 1433 1234 1466 interim
1261 1433 1307 1467 sit
1333 1430 1532 1465 communis
1566 1441 1648 1463 cum

149 1475 213 1518 iis,
247 1475 307 1519 qui
333 1477 375 1510 ab
404 1483 547 1510 oratore
582 1479 710 1521 procul
744 1477 860 1512 absint
893 1481 936 1511 ib.
966 1481 1020 1511 12.
1056 1478 1094 1511 in
1121 1478 1351 1522 approbando
1374 1477 1649 1518 refellendoque

149 1523 222 1556 fine
246 1526 281 1564 7,
307 1526 342 1565 3,
369 1521 428 1557 24.
462 1523 570 1557 finem
597 1523 681 1558 artis
704 1530 840 1558 temere
868 1523 1138 1567 comprehendit
1165 1527 1209 1566 2,
1235 1524 1300 1566 15,
1329 1522 1364 1557 4.
1406 1532 1512 1566 quem
1541 1520 1649 1553 finem

121 1568 304 1615 'Gorgias
336 1569 423 1604 facit
456 1572 498 1603 ib.
527 1572 581 1605 11.
614 1571 704 1604 duos
731 1581 867 1615 ponere
897 1571 987 1603 fines
1018 1573 1059 1613 7,
1085 1572 1129 1612 3,
1155 1571 1210 1605 20.
1247 1570 1273 1603 f.
1305 1567 1542 1621 abpmnibus
1568 1567 1647 1619 {ere

149 1616 322 1658 probatus
345 1619 380 1659 2,
408 1619 464 1658 17,
488 1615 547 1651 41.
583 1616 647 1650 ubi
675 1628 749 1651 res
781 1616 927 1651 defendi
953 1627 1028 1650 non
1054 1621 1184 1662 potest,
1209 1620 1246 1649 et
1267 1615 1311 1648 de
1333 1615 1442 1648 f1ne
1466 1618 1650 1658 quaeritur

149 1660 185 1703 4,
210 1660 245 1703 4,
271 1664 292 1696 3
322 1664 368 1696 Ν.
397 1675 441 1695 cr.
467 1670 497 1695 et
520 1663 557 1695 S.

105 1716 281 1759 Finitio.
330 1732 353 1764 i.
379 1744 408 1774 q.
442 1729 680 1772 definiit...-
709 1730 849 1775 (stam.)
874 1732 909 1774 3,
933 1731 968 1773 6,
994 1732 1052 1765 37.
1077 1728 1134 1764 47.
1164 1708 1221 1764 50.
1247 1728 1304 1764 51‘.
1330 1729 1387 1763 53.
1411 1727 1470 1777 66.
1499 1727 1558 1762 82.
1585 1725 1647 1780 se.

150 1775 208 1809 89.
232 1783 298 1809 etc.
344 1775 444 1820 (fig.)
469 1779 511 1820 9,
541 1780 575 1820 2,
600 1780 635 1810 2.
677 1779 735 1811 De
762 1777 923 1811 finitione
951 1780 994 1820 7,
1031 1775 1118 1820 Cap.
1145 1777 1179 1809 3.
1225 1773 1268 1819 a)
1297 1775 1468 1808 Nominat.
1487 1787 1498 1807 .·
1532 1772 1647 1806 finitio

151 1821 291 1855 estrei
320 1823 528 1866 propositae
565 1823 709 1867 propria
743 1829 779 1857 et
812 1823 969 1857 dilucida
999 1828 1035 1857 et
1063 1821 1223 1856 breviter
1246 1821 1505 1865 comprehensa
1526 1819 1677 1861 verbis,
1713 1831 1716 1837 ·

152 1867 352 1902 enuntiatio
384 1872 427 1912 7,
457 1871 499 1912 3,
528 1872 563 1903 2.
600 1869 1010 1914 circumscriptio,
1051 1869 1130 1903 sive
1157 1868 1229 1901 hoc
1256 1864 1650 1918 nomineosignificatur

150 1915 411 1957 comprehensa
434 1916 595 1951 breviter
618 1916 814 1959 sententia,
842 1916 921 1951 sive
944 1914 1116 1950 finitio
1148 1915 1183 1956 9,
1206 1913 1324 1966 3,,91,
1358 1914 1540 1965 lium-ejus
1567 1911 1651 1944 sub-

150 1960 301 1995 stantiae
331 1961 487 1995 maxime
521 1962 716 1996 conveniet
745 1962 881 2006 finitio,
915 1962 1123 1996 rhetoricen
1144 1970 1224 1994 esse
1248 1959 1388 1994 dicendi
1409 1962 1590 1991 scientiam
1611 1958 1653 2006 2,

150 2008 207 2047 15,
226 2006 284 2040 34.
310 2005 549 2051 συλλογισμὸς
571 2010 673 2043 velut
696 2008 871 2043 infirmior
898 2013 951 2042 est
973 2007 1086 2041 finitio
1110 2010 1145 2050 7,
1173 2008 1208 2048 3,
1236 2007 1291 2040 11.
1324 2002 1532 2059 (ξγζῑςεῖδζηῗ)
1554 2011 1650 2035 non-

149 2053 248 2086 nulla
270 2053 376 2087 etiam
400 2065 481 2087 cum
505 2054 667 2089 finitione
692 2054 900 2099 conjunctio
928 2057 971 2097 7,
993 2055 1035 2093 8,
1065 2057 1096 2087 1.
1129 2063 1252 2086 rursus
1275 2056 1311 2085 et
1331 2053 1445 2103 finitio
1473 2049 1649 2093 quodam-

148 2100 258 2132 modo
284 2105 337 2134 est
360 2101 577 2143 amphibolia
599 2105 634 2144 7,
661 2103 716 2144 10,
743 2105 784 2144 13
820 2101 849 2135 si
874 2100 988 2134 finitio
1012 2104 1130 2144 potest
1149 2108 1231 2132 esse
1254 2107 1321 2141 pro
1344 2096 1448 2130 nobis
1471 2097 1504 2137 5,
1532 2095 1588 2136 13,
1612 2097 1649 2128 7.

148 2145 264 2179 finitio
293 2146 331 2179 in
359 2152 486 2180 natura
520 2147 599 2192 ipsa
626 2147 782 2181 nominis
816 2146 1064 2192 quaestionem
1091 2145 1198 2178 habet
1229 2143 1432 2195 generalem
1457 2143 1499 2192 7,
1519 2142 1581 2181 10,
1610 2141 1647 2175 3.

150 2191 193 2235 β’)
223 2191 394 2233 finitionis
417 2193 474 2227 vis
503 2195 547 2235 3,
575 2194 619 2236 6,
644 2193 702 2228 49.
739 2193 911 2227 finitionis
936 2191 1163 2237 quaestiones
1187 2200 1235 2223 ex
1257 2199 1375 2242 cauus
1395 2192 1537 2239 interim
1558 2195 1650 2229 pen-

150 2237 236 2271 dent
263 2239 296 2281 5,
325 2241 380 2280 10,
406 2240 462 2273 36.
490 2245 544 2273 est
567 2245 602 2273 et
626 2239 931 2273 talis'finitionum
955 2237 1168 2279 diversitas,
1194 2241 1233 2268 ut
1254 2235 1352 2268 idem
1374 2236 1545 2274 sentiant,
1573 2241 1648 2283 non

84 2308 86 2312 ,
150 2281 278 2317 iisdem
302 2284 424 2318 verbis
447 2286 753 2328 comprehendant
781 2289 826 2328 7,
852 2288 894 2328 3,
923 2287 969 2318 12
999 2286 1035 2317 S.
1063 2296 1095 2317 v.
1125 2280 1304 2317 Sentio.
1352 2278 1392 2324 y)
1414 2281 1561 2330 „affy-vd
1592 2277 1649 2329 d}-

150 2329 293 2363 visione
316 2331 477 2374 adjuvari
498 2331 695 2365 finitionem
718 2334 753 2375 5,
778 2334 834 2375 10,
859 2332 916 2366 63.
949 2329 1062 2377 quid
1087 2328 1178 2363 sit?
1219 2338 1275 2360 an
1304 2327 1394 2360 hoc
1426 2322 1519 2376 sit?—
1551 2327 1587 2359 et
1609 2333 1648 2356 m

150 2374 220 2408 hoc
253 2377 331 2410 fere
364 2378 466 2411 labor
496 2378 612 2421 major
641 2384 722 2420 est,·
758 2383 797 2412 ut
827 2376 1026 2411 finitionem
1055 2375 1269 2416 confirmes,
1315 2382 1421 2416 quam
1446 2375 1486 2403 ut
1508 2379 1547 2403 1¹1
1570 2379 1649 2403 rem

151 2419 347 2455 finitionem
372 2423 539 2466 applices.
590 2425 631 2457 In
657 2435 713 2466 eo,
741 2424 848 2468 quid
875 2420 971 2457 sit?
989 2422 1124 2466 duplex
1142 2430 1232 2464 opus
1251 2423 1317 2453 est.
1355 2418 1443 2451 Nam
1466 2421 1503 2450 et
1525 2420 1648 2467 nostra

152 2467 392 2501 confirmanda
415 2475 487 2512 est,
514 2475 549 2503 et
574 2471 747 2504 adversae
771 2470 880 2514 partis
905 2468 1122 2505 destruenda
1141 2465 1266 2501 finitio.
1288 2467 1323 2506 7,
1346 2465 1381 2506 3,
1407 2463 1464 2498 19·
1493 2470 1647 2515 PTOPffls

153 2512 380 2545 confirmatur
404 2515 487 2557 fin.,
514 2516 756 2550 differentibus
783 2512 937 2550 solvitur
961 2517 1002 2557 5,
1027 2515 1091 2556 10,
1116 2513 1172 2547 58·
1206 2512 1270 2554 fin.
1297 2510 1434 2543 d¹¹0b¹¹⁵
1457 2506 1646 2560 geminbfw

153 2557 327 2591 evertitur
361 2562 403 2600 7,
434 2563 474 2600 3,
501 2564 558 2594 23.
592 2562 660 2595 nisi
683 2563 779 2595 forte
806 2568 841 2604 et
865 2561 925 2597 hic
950 2559 1148 2593 finitionem
1167 2561 1330 2608 movent
1355 2553 1415 2588 An
1445 2553 1548 2604 liberi
1577 2555 1648 2590 811st

153 2603 258 2637 etiam
283 2614 356 2637 non
382 2606 557 2650 legitimi?
590 2610 632 2650 3,
657 2609 698 2650 6,
729 2610 807 2642 103.
837 2619 917 2641 cnm
944 2605 1143 2639 finitionem
1167 2600 1348 2647 praecedit
1369 2599 1531 2651 probatlo
1553 2599 1587 2638 7,
1610 2598 1656 2639 3„

154 2650 208 2684 18.
234 2650 276 2683 ab
302 2650 356 2683 his
384 2652 566 2693 repudiata
592 2654 651 2686 fin.
679 2656 720 2696 3,
747 2654 791 2696 6,
815 2656 870 2694 33,
910 2661 1166 2696 nonnunquam
1189 2651 1360 2681 tractatur
1382 2645 1427 2681 ,all
1454 2653 1498 2675 ¹18
1523 2641 1583 2675 fin·
1610 2644 1645 2685 3,

152 2697 189 2740 8,
212 2694 255 2738 43
290 2695 431 2728 interim
455 2708 473 2730 a
500 2698 668 2740 qualitate
695 2700 741 2732 ad
762 2699 960 2732 finitionem
984 2695 1212 2731 descenditur
1234 2695 1270 2734 7,
1297 2692 1333 2733 3,
1360 2691 1395 2723 2.
1453 2733 1461 2740 ι
1513 2690 1644 2740 {blut-5

154 2741 365 2784 (dialectica)
400 2741 496 2773 utilis
523 2755 628 2786 saepe
655 2750 690 2777 et
714 2743 1040 2778 finitionibus
1071 2746 1107 2774 et
1131 2734 1648 2788 comprehensioni-bus

156 2791 222 2832 12,
246 2790 286 2830 2,
314 2790 376 2830 133
426 2797 506 2820 cum
541 2789 610 2821 alia
642 2790 921 2832 conjectura
956 2790 1194 2831 quaerantur,
1244 2782 1313 2816 aha
1346 2780 1648 2815 finltionibus
