1728 3002
167 175 249 215 694
681 171 930 229 Principalis
947 146 1026 205 “--
1057 172 1179 217 Prior

216 288 361 322 fortuna
383 296 472 321 vero
498 297 579 319 cuxu
602 285 808 332 dignitatem
833 286 954 330 affert,
981 293 1022 322 nt
1047 286 1087 322 in
1108 285 1306 334 regibus
1330 287 1708 336 principibusque

218 337 252 376 3,
277 337 312 374 7,
343 335 383 366 13
444 334 482 373 b)
510 335 667 375 imprimis
691 334 732 366 de
754 336 1014 377 [inperatoribus
1038 336 1160 368 Rom-t
1187 333 1371 377 Princeps,
1395 333 1562 380 quivult
1585 337 1708 372 omniu

218 379 330 421 scire,
358 388 505 412 necesse
532 378 639 414 habet
661 381 772 412 multa
795 379 984 426 ignoscere
1007 381 1041 422 8,
1065 382 1098 422 5,
1122 380 1158 413 3.
1180 380 1350 422 sundere,
1374 380 1406 414 si
1435 380 1520 426 quid
1543 384 1710 419 consulet

216 436 269 470 pr.
291 428 324 467 3,
352 426 388 466 8,
412 427 468 458 70.
517 425 628 468 pietas
653 437 707 469 pr.
735 427 849 464 nostri
882 426 951 466 (de
975 424 1197 469 Domitiano)
1220 427 1265 468 3,
1289 428 1331 467 7,
1361 427 1386 461 9
1422 428 1468 463 N.
1518 428 1712 472 princi-

218 483 321 516 pum
349 476 384 504 et
409 476 602 505 senatus
627 472 892 518 cognitionibus
911 474 951 515 -3,
976 475 1032 515 10,
1060 476 1088 505 1.
1115 484 1146 505 υ.
1173 470 1413 518 Cognitio.
1449 470 1531 509 ud}-
1566 474 1711 516 decreta

219 517 420 561 principum
446 517 642 550 remedium
667 519 803 552 nullum
824 524 883 553 ¹est
913 519 954 561 5,,
981 521 1016 561 2,
1054 518 1087 552 5.
1135 517 1213 558 Est,
1247 518 1342 562 quod
1365 517 1546 563 principes
1569 520 1710 564 deceat,

220 563 298 597 aliis
333 574 405 596 uon
439 564 660 598 concesseris
697 567 754 607 11,
787 567 819 607 1,
855 565 910 599 36.
958 564 989 597 si
1024 565 1166 608 quando
1200 574 1254 607 ap.
1285 564 1490 609 Principem
1521 563 1713 607 dicendum

219 609 299 652 erit,
327 608 396 651 cui,
422 615 540 642 utrum
566 610 667 652 velit,
692 610 800 644 liceat
826 614 860 654 5,
890 612 945 652 13,
969 611 1003 644 6.
1035 609 1224 654 praecipue
1248 609 1308 654 qui
1332 622 1387 654 ap.
1411 610 1645 649 victores»
1674 617 1714 648 et

219 655 486 700 principem
513 666 577 699 pro
597 667 636 690 se
653 657 729 700 ipse
750 657 844 691 dicat
866 656 1041 699 11‚1,49.
1077 656 1116 690 in
1137 656 1310 690 Senatu
1348 662 1454 701 etap.
1485 658 1714 702 populum

219 708 255 736 et
274 713 328 746 ap.
356 701 627 746 Principem
651 703 760 736 habet
787 705 904 737 locum
920 703 1123 746 deprecatio
1147 705 1182 744 7,
1206 701 1243 744 4,
1271 703 1332 744 183
1359 706 1445 738 alias
1463 706 1584 749 ubique
1606 707 1713 748 primo

218 751 290 781 loco
321 751 484 791 positum.-
517 759 583 782 nec
608 749 685 784 ead.
710 760 765 793 ap.
800 749 1092 794 principem,
1133 748 1492 795 magistratum,
1526 755 1715 785 senato-

218 805 336 835 rem,
365 794 637 839 privatum,
671 801 808 831 tantum
836 796 1058 838 liberum,
1101 794 1191 830 ratio
1221 799 1274 828 est
1312 797 1369 836 11,
1405 798 1439 839 1,
1469 795 1528 830 43.
1566 795 1614 838 εῙΖ
1652 798 1712 840 11,

217 842 261 883 3,
295 842 374 873 150.
402 841 468 875 156
1604 843 1609 848 ·

177 884 438 940 Principalis.
485 897 646 941 quaestio
672 897 786 933 veluti
810 909 862 942 pr.
893 899 927 940 3,
954 900 1010 940 11,
1033 897 1069 933 4.
1094 909 1148 943 pr.
1172 895 1334 942 quaestio
1357 894 1394 941 4,
1420 895 1455 940 4,
1481 899 1514 932 1.
1539 909 1560 933 a
1583 904 1717 934 ustu-

219 943 317 976 rali
343 950 378 976 et
402 954 467 986 pr.
501 943 761 990 significatione
784 945 819 987 9,
844 947 876 987 1,
902 943 936 978 4.
1495 978 1500 980 .

172 987 449 1043 Principium·
494 1002 534 1042 α)
557 1003 778 1043 generaliter.-
804 1000 985 1045 perveniri
1012 1001 1057 1034 ad
1080 1011 1251 1034 summa
1278 998 1346 1033 nisi
1371 1010 1420 1034 ex
1442 994 1715 1048 principiis

217 1057 290 1080 non
312 1052 430 1090 potest
452 1049 505 1087 10,
523 1051 555 1090 1,
574 1046 608 1081 4.
627 1049 722 1092 quod
739 1048 920 1081 Homerus
938 1053 1010 1091 atq.
1023 1046 1194 1091 Virgilius
1209 1047 1359 1091 ope'rum
1372 1049 1519 1081 suorum
1530 1046 1728 1092 principiis,-

218 1091 355 1126 faciunt
373 1092 453 1133 4,1‚
467 1094 530 1134 343
555 1093 602 1127 ita
621 1093 826 1140 diligentior
840 1105 859 1127 a
872 1093 1136 1138 principiis
1151 1093 1212 1127 fiet
1223 1092 1347 1139 (filius)
1367 1095 1400 1135 1,
1415 1095 1447 1136 1,
1465 1095 1498 1127 1.
1518 1091 1612 1138 β)ι”ιι
1634 1099 1728 1128 ora-¹

218 1141 306 1172 sione
319 1153 329 1172 .·
356 1140 450 1182 quod
472 1152 492 1183 p
504 1139 542 1172 ri
558 1151 577 1172 n
591 1140 626 1174 ci
638 1141 715 1184 piu
727 1152 760 1173 m
779 1140 905 1174 Latine
921 1141 981 1175 vel
996 1139 1246 1175 exordium
1264 1138 1393 1173 dicitur
1410 1136 1493 1183 4,,1,
1506 1142 1538 1174 1.
1567 1137 1612 1180 of.
1629 1140 1665 1183 9,
1677 1134 1728 1184 4,'.

218 1184 278 1219 74.
316 1184 402 1217 illud
424 1185 456 1217 in
486 1186 649 1223 oratione,
668 1186 886 1220 nobilissima
901 1197 967 1230 pro
989 1186 1126 1220 Milone
1145 1197 1197 1229 pr.
1218 1186 1274 1227 11,
1292 1186 1327 1229 3,
1346 1183 1404 1219 4⁷.
1431 1194 1487 1229 pr·
1505 1185 1652 1231 abrupta
1677 1187 1728 1230 3..

217 1230 258 1271 8,
294 1232 350 1265 58.
376 1231 497 1273 adiicit
521 1233 792 1276 Theophrastus
817 1233 868 1266 ab
894 1233 1113 1266 oratione
1134 1243 1212 1275 pr.,
1237 1231 1342 1275 quale
1366 1230 1512 1265 videtui·
1536 1231 1618 1266 esse
1636 1231 1728 1274 lje-4·

217 1277 415 1310 mosthenis
444 1277 764 1322 p1·o,Ctesiphonte
799 1278 834 1320 4,
863 1281 894 1319 1,
920 1280 964 1311 32
994 1279 1039 1312 N.
1087 1289 1194 1312 causa
1226 1275 1391 1322 principii
1423 1272 1522 1311 nulla
1553 1275 1624 1322 alis
1644 1274 1728 1324 ests]

218 1333 325 1365 quam
349 1328 387 1354 ut
416 1323 612 1356 auditorem
627 1349 637 1364 ,
677 1335 747 1366 quo
774 1324 819 1357 sit
842 1324 944 1356 nobis
967 1324 1005 1356 in
1044 1324 1174 1358 ceteris
1209 1323 1367 1367 partibus
1387 1318 1714 1365 rvsccommodffior,

219 1378 470 1411 praeparfflnus
495 1368 530 1410 4,
559 1373 590 1410 1,
618 1371 638 1404 5
666 1383 752 1414 seqq.
779 1370 908 1402 modus
932 1369 1097 1412 principii
1121 1379 1187 1413 pro
1223 1379 1330 1402 causa
1362 1370 1407 1402 ib.
1440 1368 1498 1403 62.
1529 1355 1728 1412 principiul

216 1413 313 1447 utilis
339 1419 459 1459 gestus
485 1418 541 1456 11,
566 1416 600 1456 3,
625 1415 683 1449 92.
715 1413 759 1455 cs.
787 1416 844 1449 93.
894 1415 988 1458 quod
1013 1414 1148 1447 indocti
1184 1420 1221 1447 et
1252 1412 1391 1448 barbari
1427 1413 1611 1456 ‹st-servi,
1645 1397 1728 1458 proi

216 1470 256 1493 se
281 1470 360 1492 cum
386 1461 600 1504 loquuntur,
636 1460 770 1504 aliquid
799 1460 918 1494 dicant
946 1460 1061 1493 simile
1086 1459 1260 1503 principio
1292 1462 1329 1502 2,
1364 1461 1421 1502 17,
1453 1459 1495 1502 ὃς
1542 1459 1580 1493 in
1611 1460 1694 1504 prin
1718 1457 1728 1479 Ἰ

218 1505 314 1549 cipio
341 1505 455 1539 statim
482 1505 651 1540 orationis
675 1507 709 1549 9,
731 1506 766 1549 4,
784 1508 840 1542 76.
865 1507 980 1552 legem
1001 1507 1095 1539 hanc
1120 1517 1200 1539 esse
1224 1504 1524 1550 componenairjn
1548 1506 1715 1540 omnibus

214 1562 268 1595 pr.
295 1553 337 1592 9,
362 1551 405 1594 4,
434 1554 510 1586 133.
559 1552 596 1586 in
621 1552 685 1586 illo
711 1563 776 1596 pro
805 1551 1037 1596 Ctesiphonte
1061 1551 1186 1586 timido
1217 1547 1478 1596 summissoque,
1495 1561 1551 1599 pt,-
1586 1553 1650 1594 11,
1679 1554 1716 1593 3,

215 1598 272 1633 97.
295 1597 387 1631 nihil
407 1599 451 1631 ad
474 1597 657 1632 historiam
681 1598 939 1643 pertinentibus
964 1608 1066 1631 orsus
1092 1603 1145 1631 est
1176 1609 1230 1641 pr.
1254 1596 1288 1640 3,
1311 1599 1348 1640 8,
1370 1596 1408 1632 9.
1445 1593 1483 1631 οἱ
1512 1597 1693 1632 contrariu

217 1643 286 1688 (sc.
317 1657 413 1686 pes,
449 1646 471 1677 ἰ.
497 1658 525 1678 e.
553 1657 695 1688 paeon
716 1642 914 1688 primus)
939 1643 1122 1687 principiis
1155 1643 1282 1678 merito
1307 1642 1470 1679 laudatus·
1490 1637 1587 1687 9,⁴4,
1612 1645 1706 1692 111.Δ

171 1699 307 1741 Prior·
365 1712 399 1754 Ι)
424 1715 616 1756 simpliciter
638 1716 792 1757 positum.
819 1711 861 1755 a)
885 1715 1000 1746 Maso.
1027 1712 1058 1754 a)
1080 1714 1122 1745 ‹le
1146 1714 1283 1749 ordine:
1307 1711 1369 1756 qui
1397 1711 1481 1759 agit,
1513 1716 1555 1748 ut
1574 1710 1714 1755 prior

217 1758 283 1801 sit,
328 1758 477 1792 forsitan
510 1759 636 1801 etiam,
671 1758 702 1793 si
735 1770 810 1793 non
841 1758 1040 1799 transierit,
1081 1757 1245 1801 aequabit
1275 1760 1330 1800 10,
1364 1761 1400 1801 2,
1438 1761 1524 1800 103⁷
1546 1763 1631 1802 *unq

215 1803 355 1848 priores
380 1810 483 1849 agant
506 1804 541 1847 4,
570 1809 604 1848 2,
633 1806 691 1840 29.
718 1805 779 1849 qui
806 1817 860 1849 pr.
887 1803 972 1838 dicit
996 1806 1030 1846 5,
1056 1806 1112 1846 13,
1136 1805 1191 1839 29.
1216 1803 1262 1846 cs.
1287 1804 1322 1846 6,
1345 1805 1381 1847 3,
1419 1805 1475 1838 13.
1506 1806 1543 1846 7,
1579 1806 1612 1846 1,
1655 1805 1701 1838 37

217 1850 305 1883 mihi
329 1851 420 1884 filius
446 1851 564 1884 minor
591 1871 636 1877 ——
679 1852 777 1895 prior
810 1853 961 1885 alterum
991 1862 1040 1884 ex
1077 1851 1216 1892 duobus
1247 1849 1339 1891 eruit
1370 1851 1492 1894 lumen
1524 1849 1560 1891 ὃ,
1593 1850 1669 1883 ΡΥ..

216 1901 323 1940 saepe
342 1909 361 1929 a
379 1908 532 1941 persona
556 1897 656 1941 prior
683 1897 780 1932 ducit
803 1902 1009 1942 argumenta
1032 1897 1202 1930 defensor
1219 1899 1255 1938 7,
1278 1899 1313 1937 2,
1337 1896 1395 1930 31·-
1420 1894 1480 1940 qui
1502 1894 1604 1940 prior
1625 1889 1695 1929 s'eci

215 1944 250 1984 7,
275 1941 312 1985 4,
340 1943 374 1976 6.
400 1944 534 1986 verbis,
560 1955 650 1987 quae
675 1955 728 1988 pr.
750 1942 877 1987 aliquis
902 1948 1114 1986 occupasset
1142 1945 1174 1984 2,
1194 1943 1250 1983 15,
1268 1944 1326 1976 37.
1352 1952 1433 1976 cum
1456 1952 1509 1985 pr.
1536 1941 1650 1974 calcal

216 1989 456 2032 promovisset
474 1994 528 2032 11,
542 1993 575 2033 2,
585 1990 640 2024 38.
660 1991 751 2023 male
761 2001 815 2034 pr.
829 1990 890 2023 ille
901 1994 1042 2034 rogarat
1057 1988 1092 2031 5,
1104 1986 1226 2030 13,42.
1244 1987 1282 2029 b)
1297 1989 1340 2021 de
1357 1989 1569 2030 antecedente
1578 1993 1701 2033 actim=

215 2034 312 2068 inter
335 2035 496 2069 diversas
523 2035 712 2079 opiniones
738 2035 896 2087 priorum
925 2037 981 2069 Pr.
1011 2037 1045 2068 2.
1088 2033 1131 2074 cjl
1157 2035 1191 2076 3,
1216 2032 1252 2075 4,
1275 2031 1310 2067 4.
1334 2034 1369 2076 9,
1394 2036 1429 2075 2,
1452 2031 1592 2081 41.,10,
1615 2034 1651 2075 2,

216 2083 273 2123 12,
299 2084 356 2122 11,
381 2084 436 2115 22.
487 2082 614 2126 quodsi
639 2081 816 2126 prioribus
841 2081 995 2125 adjicere
1018 2081 1072 2113 fas
1100 2090 1175 2113 non
1200 2085 1254 2113 est
1280 2074 1343 2122 ¹10,
1367 2082 1402 2120 2,
1427 2079 1462 2114 9.
1514 2077 1681 2123 priore

218 2127 383 2161 Gallione
410 2127 534 2162 Celsus
560 2134 595 2162 et
623 2129 760 2161 Laenas
788 2133 824 2161 et
851 2126 1027 2161 aetatis
1055 2131 1261 2159 nostrae
1292 2124 1476 2172 Virginius
1509 2131 1572 2158 eto.
1604 2125 1640 2166 3,
1676 2125 1693 2157 1

214 2175 271 2206 21.
298 2173 343 2214 cs.
373 2174 406 2216 5,
436 2177 491 2217 10,
523 2178 600 2208 121.
630 2177 768 2217 12,'10,
793 2174 851 2209 45.
877 2172 956 2207 ciun
983 2173 1043 2206 ille
1066 2169 1291 2213 (Demosih.)
1318 2174 1354 2204 et
1377 2170 1476 2215 prior
1496 2169 1571 2204 ‘fnit
1591 2167 1676 2214 (qua

218 2221 314 2260 Cic.)
342 2222 395 2262 10,
426 2224 458 2261 1,
485 2222 562 2255 108.
611 2220 734 2254 seculo
760 2219 859 2263 prior
884 2221 939 2262 10,
965 2222 998 2261 1,
1027 2219 1103 2252 113.
1129 2217 1222 2262 sicut
1246 2217 1346 2260 prior
1377 2216 1453 2259 (ιο.
1481 2214 1650 2257 filius)

214 2266 273 2298 Pr.
297 2266 331 2300 9.
365 2268 422 2305 (de
449 2275 581 2300 oratore
611 2273 790 2310 provectae
815 2266 951 2307 aetatis)
975 2275 1021 2298 ne
1044 2274 1083 2297 se
1108 2268 1253 2307 quaerat
1276 2262 1433 2306 priorem
1457 2262 1561 2314 (ξ’ἆᾰ.
1587 2273 1630 2305 qu

216 2317 386 2356 queratur
416 2312 600 2356 pejorem)
638 2315 691 2353 12,
723 2315 778 2354 11,
800 2315 824 2345 2
847 2312 893 2345 Ν.
952 2310 988 2354 c)
1014 2311 1187 2349 contrariis
1214 2311 1400 2352 excipitur.-
1430 2316 1665 2351 priores-s
1692 2311 1702 2324 ἔ

214 2368 358 2402 perasse
373 2384 383 2400 ,
412 2365 633 2401 posteros
661 2358 826 2391 docuisse
852 2359 908 2401 10,
928 2360 964 2399 2,
981 2356 1038 2390 28.
1064 2354 1200 2390 Zeuxis
1217 2360 1289 2397 atq.
1314 2353 1535 2396 Parrhasius,
1559 2362 1632 2396 quo

214 2403 399 2446 prior-
426 2406 661 2438 secundus
682 2407 738 2446 12,
765 2406 822 2446 10,
844 2401 878 2438 4.
915 2403 956 2447 β)
977 2402 1096 2436 Neutr.
1125 2400 1162 2441 a)
1185 2400 1272 2434 illud
1296 2399 1395 2444 prius
1422 2399 1586 2451 5’,1·ο,2.ι
1607 2396 1655 2439 q‘fs

214 2451 248 2492 3,
273 2453 307 2483 2.
336 2461 432 2483 nunc
461 2452 505 2484 de
536 2451 656 2495 priore
680 2450 860 2493 loquimur
885 2448 921 2491 4,
949 2447 984 2490 4,
1006 2451 1025 2480 1
1058 2447 1104 2481 N.
1129 2458 1269 2490 semper
1291 2444 1425 2490 aliquid
1449 2453 1573 2489 priore
1594 2450 1664 2487 mu)

214 2495 413 2540 insequitur
434 2497 469 2539 8,
491 2495 526 2538 4,
554 2498 594 2538 8;
640 2496 738 2540 prius
766 2502 885 2530 tamen
907 2494 952 2528 sit
979 2492 1080 2528 vitiis'
1100 2503 1222 2527 carere
1251 2493 1286 2535 8,
1312 2493 1347 2534 5,
1375 2490 1432 2525 34.
1466 2501 1520 2535 pr.
1550 2494 1635 2531 est‘f

214 2551 306 2575 voce
336 2543 455 2576 dicere
483 2546 540 2586 11,
576 2545 610 2584 3,
649 2542 701 2575 14.
749 2548 874 2576 natura
906 2551 960 2584 pr.
996 2544 1069 2582 est,
1108 2538 1299 2582 concipere
1329 2537 1447 2571 animo
1477 2546 1558 2576 res,
1600 2545 1689 2579 qun⁵

214 2588 400 2621 enuntiare
423 2589 458 2631 9,
485 2591 517 2628 1.
548 2589 601 2624 19.
644 2586 689 2628 cf.
723 2591 778 2629 1¹),
806 2588 839 2629 5,
864 2587 906 2628 53
943 2585 1032 2620 nihil
1055 2595 1135 2619 esse
1161 2594 1243 2618 non·
1265 2584 1375 2618 modo
1406 2582 1446 2616 in
1482 2581 1618 2615 orando
1641 2590 1660 2616 s

213 2631 251 2665 in
278 2634 374 2667 Omni
401 2634 475 2668 vita
501 2646 554 2678 pr.
580 2634 732 2669 consilio
756 2636 791 2677 6,
816 2635 850 2676 5,
880 2635 936 2666 11.
982 2631 1117 2675 alioqui
1142 2641 1195 2675 pr.
1228 2636 1283 2664 est
1312 2649 1359 2656 -
1391 2638 1519 2663 verum
1547 2626 1691 2678 efficere

214 2688 319 2720 quam
346 2691 510 2725 magnum
536 2679 571 2722 ⁴2,
596 2683 630 2723 3,
658 2680 691 2714 6.
718 2679 754 2713 id
779 2680 875 2723 quod
897 2689 974 2722 pr„
1002 2678 1169 2721 quodque
1193 2677 1345 2718 majus
1370 2679 1443 2717 est,
1467 2680 1506 2707 ut
1527 2673 1618 2724 bong
1638 2682 1676 2710 v,

214 2723 323 2757 simus
351 2730 405 2764 12,
436 2729 492 2767 11,
519 2731 574 2760 11.
600 2740 633 2760 v.
662 2726 846 2766 Potius,
881 2734 967 2758 mox
991 2730 1212 2758 transeamus
1235 2723 1278 2756 ad
1305 2720 1498 2762 musicum,
1537 2718 1663 2770 excide

214 2769 357 2812 priora?
394 2773 423 2811 1,
449 2774 504 2813 12,
534 2774 567 2806 6.
607 2774 729 2815 (signu,
758 2771 965 2806 dividuntur
989 2770 1027 2804 in
1055 2771 1119 2804 has
1145 2770 1262 2802 duas
1285 2766 1424 2811 species
1450 2782 1507 2799 -.
1534 2766 1673 2799 Prior
