1728 3002
621 167 823 213 oratoria
851 191 913 236 -·
938 165 1104 213 Ordino
1550 173 1631 214 611

142 285 345 333 madido)
370 289 429 331 12,
454 287 510 329 10,
531 287 590 321 77.
618 282 706 319 inihi
726 284 836 331 longe
858 283 970 337 magis
991 294 1046 318 or.
1071 284 1214 329 probari
1243 285 1280 320 in
1303 295 1415 330 opere
1435 295 1502 321 suo
1527 285 1635 322 vide-

145 346 205 375 m
234 331 473 382 (Menander)
510 333 575 374 10,
606 333 648 374 1,
679 333 738 366 70.
784 330 1071 365 altercationibus
1104 338 1174 376 atq.
1206 331 1546 379 interrogationibus
1579 344 1633 368 or.

144 387 305 420 futurum
327 377 501 414 Socratici
523 376 654 422 optime
676 382 889 421 praeparant
915 379 956 410 ib.
983 377 1039 411 35.
1069 382 1106 411 et
1124 378 1256 411 bonnm
1277 378 1396 413 virum
1420 385 1455 412 et
1478 379 1635 423 pruden-

146 438 220 466 tem
244 428 283 462 in
306 424 429 470 primis
451 434 506 458 or.
530 428 691 467 putamus
720 425 777 465 12,
806 424 840 466 3,
870 424 914 466 ὃς
940 433 1030 466 quae
1051 424 1095 456 ad
1128 430 1287 458 oratores
1319 424 1499 468 pertinent
1526 424 1579 469 (ι’.
1601 438 1633 460 e.

148 471 392 514 rhetorice)
417 472 475 513 12,
503 472 559 512 11,
588 471 646 502 22.
694 466 732 512 ζ)
754 471 892 502 Abzau:
924 469 1046 503 bibere
1070 475 1128 503 aut
1151 470 1257 503 etiam
1294 481 1374 505 esse
1405 471 1500 505 inter
1524 481 1637 518 agen-

150 524 235 557 dum
261 519 304 552 ab
332 521 473 551 oratore
494 524 576 549 meo
602 516 728 559 procul
753 514 844 548 absit
879 517 935 557 11,
969 516 1004 557 3,
1045 515 1122 550 136.
1159 515 1326 558 (Celsus)
1362 517 1406 551 ab
1437 527 1492 551 or.
1522 518 1637 553 verba

150 565 237 615 fingi
258 568 357 600 vetat
383 563 419 602 8,
443 562 479 604 3,
503 562 562 596 35.
609 559 797 595 auctoritas
824 560 868 594 ab
891 559 1089 594 oratoribus
1112 562 1186 605 peti
1210 564 1301 597 solet
1330 565 1363 605 1,
1386 563 1422 606 6,
1444 566 1479 597 2.
1506 563 1552 605 cf.
1578 566 1637 607 12,

152 618 211 657 11,
233 613 290 646 17.
315 606 388 643 loci
407 617 634 646 communes,
668 616 759 651 quos
789 606 895 640 etiam
928 605 1080 650 scriptos
1110 608 1154 642 ab
1184 608 1382 643 oratoribus
1413 609 1546 644 scimus
1578 611 1638 653 10,

152 661 189 702 5,
213 660 276 698 123
308 655 354 689 de
382 663 450 695 or.,
474 651 534 696 qui
552 661 627 685 non
650 653 839 687 clamorem
862 652 971 686 modo
995 663 1096 686 suum
1121 654 1256 696 causis,
1298 655 1388 698 sed,
1430 666 1521 699 quae
1553 665 1640 701 pro-

151 706 273 741 futura
295 705 398 742 sunt,
431 698 538 732 debet
560 700 617 739 12,
642 699 679 741 3,
705 697 740 732 4.
787 698 847 743 qui
870 704 951 742 post
974 709 1040 732 nos
1067 699 1112 733 de
1146 699 1347 734 oratoribus
1390 702 1547 736 scribent
1579 703 1640 744 10,

154 754 191 794 1,
211 751 272 784 22.
318 757 367 780 ex
389 751 533 779 oratore
555 748 674 777 arator
694 742 784 788 (fig.
811 746 852 777 ab
884 743 992 787 Cic.)
1017 746 1051 788 9,
1076 746 1110 787 3,
1136 748 1182 780 72
1207 747 1272 787 Ν.,·
1308 757 1398 791 quae
1420 748 1459 781 in
1482 758 1536 782 or.
1561 759 1642 781 ma-

152 797 253 834 xima
276 797 379 833 sunt,
408 789 594 824 imitabilia
617 799 692 823 non
716 795 798 824 sunt
819 791 876 831 10,
899 792 936 832 2,
962 792 1017 824 12.
1065 791 1328 826 Jucundissima
1351 792 1389 827 in
1424 803 1479 827 or.
1510 794 1643 828 huma-

154 843 268 884 nitas,
302 836 475 879 facilitas,
509 834 735 878 moderatio,
769 835 1022 870 benevolentia
1049 839 1107 879 11,
1131 840 1166 879 1,
1189 837 1247 872 42.
1292 838 1414 873 resin
1446 850 1501 874 or.
1534 850 1642 884 prae-

153 889 259 934 cipua
281 882 471 918 consilium
499 887 554 915 est
576 883 611 923 2,
636 882 693 923 13,
719 883 755 915 2.
803 887 971 925 quantum
993 882 1120 916 habeat
1144 883 1182 916 in
1207 894 1262 918 or.
1286 885 1456 919 momenti
1485 884 1642 929 (gestus)

154 938 215 977 11,
238 934 273 973 3,
293 930 352 964 65.
395 938 470 962 non
492 926 729 970 persuadendi
752 927 815 960 sed
839 927 930 960 bene
958 925 1100 961 dicendi
1128 927 1235 962 finem
1271 928 1310 962 in
1340 940 1393 964 or.
1427 932 1644 966 servandum

156 983 216 1022 ῃ,
241 980 276 1018 1,
302 977 358 1010 11.
403 972 520 1007 omnis
556 971 613 1006 sui
644 971 775 1007 vitiosa
802 971 947 1015 jactatio
982 978 1061 1016 est,
1105 974 1331 1018 eloquentiae
1361 981 1484 1011 tamen
1514 976 1554 1011 in
1588 987 1647 1013 or.

154 1019 494 1116 Ρηθῗὸῃεοίῗςῖοξιῗὲ
518 1064 608 1097 libri:
641 1063 767 1097 eadem
791 1067 874 1096 sunt
895 1061 934 1096 in
962 1063 1114 1098 Oratore
1137 1064 1288 1108 plurima
1314 1066 1349 1109 9,
1373 1068 1407 1110 1,
1432 1066 1490 1102 36.
1526 1066 1573 1109 «J.
1609 1068 1648 1112 9,

160 1118 198 1159 3,
219 1115 279 1151 97.
302 1110 341 1145 in
365 1108 679 1154 disputationibus,
713 1119 804 1152 quae
825 1115 907 1143 sunt
931 1109 976 1143 de
1011 1115 1155 1144 oratore
1191 1113 1247 1154 10,
1278 1114 1312 1154 3,
1347 1115 1381 1146 1.
1418 1113 1460 1147 L.
1496 1112 1647 1150 crassus

159 1163 201 1196 in
221 1155 501 1194 iunsciceronis
521 1155 567 1189 de
591 1154 744 1189 Oratore
767 1156 827 1197 (α.
855 1158 880 1189 1.
905 1155 1099 1200 oratoriis)
1121 1156 1222 1191 libris
1245 1157 1332 1192 dicit
1359 1160 1415 1202 10,
1440 1159 1474 1203 ⁵,
1502 1161 1541 1198 2.

115 1205 332 1250 oratoria.
372 1224 412 1247 n.
437 1210 652 1247 oratrix.

117 1261 330 1306 Oratorie.
374 1279 397 1304 a
420 1267 571 1313 simplici
593 1264 734 1301 dicendi
757 1267 868 1301 modo
893 1277 947 1306 or.
969 1272 1140 1302 mutatum
1168 1268 1209 1312 9,
1235 1271 1252 1303 1
1268 1295 1280 1313 ,
1313 1271 1372 1306 13.

118 1317 357 1363 OratoriuS·
411 1335 468 1360 or.
496 1335 553 1358 ars
583 1324 642 1357 Pr.
678 1326 734 1360 17.
767 1336 801 1357 v.
833 1323 937 1359 Ars.
987 1335 1039 1359 or.
1077 1326 1337 1370 compositione
1378 1330 1411 1370 1,
1444 1329 1481 1372 8,
1513 1331 1570 1364 13.
1595 1340 1654 1366 or.

164 1372 340 1418 exemplis
363 1372 399 1413 8,
426 1373 463 1414 3,
485 1371 543 1405 79.
589 1379 644 1405 or.
669 1380 801 1416 genere
824 1371 860 1412 3,
894 1374 930 1414 7,
964 1369 999 1404 4.
1036 1373 1098 1413 10,
1131 1375 1174 1414 1,
1207 1374 1263 1408 68.
1298 1373 1510 1408 comicus
1538 1378 1653 1423 magis

163 1431 271 1467 quam
293 1415 533 1453 oratorius
583 1421 677 1449 estus
706 1419 762 1458 11,
788 1418 822 1457 3,
848 1418 926 1451 125.
955 1417 999 1450 de
1027 1416 1251 1452 institutione
1275 1429 1327 1453 or.
1351 1419 1417 1463 Ep.
1443 1422 1487 1454 ad
1511 1423 1654 1467 Tryph-

165 1471 201 1503 1.
225 1476 277 1501 or.
301 1473 470 1498 numerus
493 1463 529 1504 9,
580 1486 591 1502 ‚
615 1462 671 1496 57.
718 1471 772 1495 or.
799 1473 881 1505 pars
904 1465 939 1504 2,
979 1463 1034 1505 18,
1060 1464 1081 1497 5
1118 1465 1167 1497 N.
1215 1475 1268 1498 or.
1302 1473 1493 1510 praecepta
1528 1471 1583 1511 12,
1617 1472 1654 1513 3,

167 1515 225 1550 12,
250 1522 304 1548 or.
326 1509 437 1543 robur
467 1510 523 1550 10,
552 1509 584 1547 5,
608 1506 644 1541 4.
692 1507 810 1541 studio
834 1509 942 1552 quod.
968 1518 1022 1541 or.
1051 1511 1105 1550 12,
1133 1512 1168 1552 2,
1191 1513 1248 1545 25.
1272 1521 1326 1545 or.
1366 1513 1593 1559 syllogismus
1619 1517 1655 1558 5,

167 1557 226 1598 14,
248 1555 309 1591 24.
355 1565 409 1589 οι·.
441 1552 622 1587 urbanitas
652 1553 688 1596 6,
723 1555 758 1595 3,
793 1555 848 1586 14.
886 1565 954 1587 nec
981 1555 1171 1598 poetica
1202 1558 1310 1590 modo
1340 1559 1403 1591 sed
1437 1561 1674 1595 oratoria'

167 1604 302 1641 virtute
331 1603 388 1643 10,
414 1602 447 1642 1,
473 1601 532 1633 46.
555 1598 594 1632 in
617 1599 782 1632 oratoriis
806 1599 879 1640 (sc.
917 1599 1076 1643 tibris)
1110 1603 1145 1642 3,
1179 1604 1210 1644 1,
1245 1605 1311 1645 2Ο;
1350 1615 1515 1648 narrare,
1562 1618 1655 1651 quae

169 1651 263 1685 salsa
287 1648 380 1689 sint,
411 1646 449 1681 in
472 1644 596 1689 primis
622 1650 676 1678 est
703 1645 878 1679 subtile
902 1651 937 1679 et
961 1647 1222 1681 oratorium
1245 1649 1280 1692 6,
1307 1651 1341 1692 3,
1366 1651 1423 1685 39.

127 1694 319 1737 oratrix.
366 1700 651 1736 rhetoricen
678 1701 717 1734 in
751 1701 916 1735 Latinum
943 1703 1220 1746 transferentes,
1259 1710 1335 1738 tum
1370 1706 1656 1751 oratoriam,

173 1758 250 1785 tuin
273 1747 524 1782 oratricem
548 1747 831 1781 nominaverunt.
858 1750 893 1789 2,
919 1746 975 1789 14,
1001 1750 1035 1783 1.
1084 1750 1306 1785 oratoria
1328 1750 1381 1785 sic
1409 1752 1595 1798 efferetur,
1619 1760 1660 1789 ut

175 1792 470 1835 elocutoria,·
502 1792 693 1826 oratrix
714 1798 754 1825 ut
778 1792 1015 1827 elocutrix
1045 1795 1089 1827 ib.
1118 1797 1152 1828 2.
1628 1799 1634 1802 “

131 1850 336 1893 orbatus.
370 1857 512 1891 -fflio
539 1858 575 1901 5,
599 1861 655 1901 12,
681 1860 737 1892 13.

131 1906 278 1951 Orbis.
333 1913 366 1954 Ι)
389 1913 452 1965 illa
474 1913 754 1949 circumcurrens
776 1914 871 1950 linea
903 1915 934 1949 si
962 1916 1094 1952 efficiet
1116 1919 1260 1963 orbem,
1293 1931 1384 1964 quae
1404 1921 1522 1957 forma
1547 1929 1602 1958 est
1624 1924 1664 1960 in

177 1961 292 2008 planis
314 1970 468 1993 maxime
491 1960 649 2002 perfecta
678 1964 710 2002 1,
735 1963 790 2002 10,
814 1960 872 1995 41.
896 1961 935 1994 in
958 1964 1083 1997 orbem
1117 1975 1157 1998 se
1182 1966 1374 1999 formosius
1397 1968 1523 2002 fundet
1547 1970 1639 2009 (olea

178 2011 215 2051 8,
240 2010 274 2049 3,
300 2007 354 2039 10.
401 2010 439 2037 ut
454 2024 507 2057 ⁸-—
529 2004 709 2056 sinistrum
731 2006 835 2039 ducat
858 2007 982 2040 orbem
1005 2008 1073 2049 (sc.
1101 2014 1248 2053 gestu)
1280 2014 1335 2054 11,
1363 2015 1398 2054 3,
1425 2016 1492 2049 118
1517 2016 1562 2049 N.
1587 2016 1664 2060 ille,

180 2053 304 2099 quiin
326 2061 365 2083 se
387 2051 496 2092 redit,
529 2051 625 2083 orbis
652 2052 695 2083 ib.
729 2051 795 2084 105
827 2063 861 2085 v.
895 2052 1064 2087 Motus.
1109 2060 1220 2088 status
1251 2057 1339 2100 reip.
1378 2059 1456 2092 orbi
1490 2057 1666 2097 terrarum

179 2094 442 2145 (comparatur)
466 2097 501 2136 8,
529 2094 564 2136 4,
593 2094 647 2128 14.
696 2095 748 2137 ΙΙ)
772 2100 952 2130 translate.-
985 2103 1025 2131 ut
1048 2099 1221 2133 efficiatur
1249 2103 1346 2136 orbis
1377 2103 1438 2138 ille
1470 2107 1651 2143 docti-inae

181 2155 288 2191 quam
320 2140 449 2175 Graeci
484 2137 670 2183 ἐγκύκλιον
699 2136 874 2174 παιδείαν
907 2149 1042 2177 vocant
1074 2147 1107 2188 1,
1140 2147 1196 2188 10,
1233 2149 1274 2189 13
1307 2148 1455 2184 historia
1488 2162 1563 2186 non
1593 2135 1667 2188 tani

180 2189 598 2274 {inltozigumeros
628 2196 731 2230 quam
762 2186 918 2221 orbem
943 2190 1074 2232 quend.
1105 2197 1457 2239 contextumque
1489 2198 1671 2235 desiderat

216 2261 227 2276 ‚
291 2259 303 2276 ‚
409 2254 419 2265 .

139 2281 328 2373 olii-{itast¹3
355 2288 386 2322 si
409 2293 528 2322 *tamen
549 2292 733 2322 rectam
755 2287 897 2332 viam,
927 2299 1002 2324 non
1026 2301 1133 2326 unam
1166 2293 1369 2330 orbitam
1399 2304 1599 2336 monstrent
1632 2304 1670 2347 2,

239 2362 250 2378 ,
330 2360 341 2370 .

142 2382 333 2425 Orbitas.
376 2390 528 2425 vulnere
554 2387 712 2422 orbitatis
739 2389 774 2433 6,
801 2391 859 2424 Pr.
885 2393 918 2424 2.
943 2391 978 2426 5.
1639 2411 1642 2413 »

145 2438 305 2482 Orbus.
362 2445 400 2490 α)
428 2447 471 2479 de
493 2447 703 2489 parentibus.-
736 2457 904 2501 parens
929 2447 1124 2484 liberorum
1150 2460 1196 2485 an
1219 2452 1364 2488 orbus
1394 2454 1440 2489 sit
1474 2457 1508 2499 5,
1533 2460 1588 2501 10,
1613 2460 1670 2495 26.

189 2496 228 2530 in
252 2499 387 2537 patre
421 2502 524 2536 quam
547 2492 660 2525 orbo
688 2491 829 2534 (gratior
852 2495 1050 2536 liberalitas)
1072 2499 1106 2537 7,
1132 2495 1166 2539 4,
1193 2499 1238 2531 23
1265 2500 1313 2536 N.
1342 2500 1452 2553 onst)
1480 2504 1523 2536 de
1539 2507 1671 2540 liberis,-

191 2541 319 2575 orbum
343 2537 477 2584 agimus
500 2537 558 2580 (in
587 2538 732 2578 scholis)
755 2539 790 2580 6,
814 2541 848 2580 2,
872 2539 929 2573 36.
958 2541 1102 2576 orbos
1130 2542 1370 2590 viduasque
1394 2558 1431 2580 in
1455 2548 1541 2592 ipsis
1569 2551 1675 2585 fune--

190 2587 291 2622 ribus
314 2593 447 2619 canoro
476 2583 630 2635 quodam
652 2583 760 2617 modo
783 2586 1041 2628 proclamantes
1066 2590 1123 2630 11,
1158 2590 1194 2632 3,
1228 2592 1314 2635 170;
1347 2602 1477 2628 causae
1506 2596 1675 2631 orbarum

190 2631 332 2675 nuptias
358 2629 588 2664 indicentium
610 2630 646 2671 7,
670 2627 705 2671 4,
728 2627 786 2663 24.

52 2694 59 2698 ·
148 2676 394 2719 Orchestra.
450 2685 490 2721 in
512 2686 696 2720 orchestra
717 2685 790 2730 pila
811 2685 880 2720 lusi
906 2689 1191 2732 Carpathius
1212 2690 1248 2735 6,
1271 2693 1307 2735 3,
1329 2696 1388 2729 71.

95 2749 98 2751 ·
151 2731 330 2776 Ordin.
386 2753 500 2789 quae,
541 2747 648 2787 prout
680 2741 771 2778 ratio
806 2754 933 2780 causae
969 2746 1141 2791 cujusque
1168 2750 1380 2795 postulabit,
1421 2753 1679 2792 ordinabuntur

1232 2817 1278 2854 39
1307 2815 1329 2836 ‘
