1728 3002
167 194 250 234 654
708 189 974 231 Perversitas
1008 212 1058 218 —
1089 189 1171 231 Pes

208 304 244 348 6,
269 305 304 348 3,
333 304 389 339 51.
438 313 540 347 perv.
565 303 657 337 haec
681 313 741 337 res
763 301 824 347 (a.
851 308 873 339 l.
897 302 1063 349 species)
1088 303 1378 349 frequentissime
1401 305 1456 339 ad
1476 304 1588 340 risum
1610 307 1646 348 8,
1672 306 1708 349 6,

208 353 274 393 73;
312 350 395 395 quia
419 360 488 384 nec
512 349 558 383 sit
582 360 660 385 vox
684 350 746 383 illa
774 350 909 395 turpis,
945 356 1002 394 et,
1038 349 1070 383 si
1095 362 1166 395 qua
1189 357 1244 385 est
1276 350 1348 386 rei
1380 348 1605 395 deformitas,
1638 351 1709 386 alia

211 407 353 442 quoque
379 395 616 440 appellatione
645 408 857 442 quacunque
883 397 934 431 ad
956 396 1178 432 intellectum
1208 398 1314 432 eund.
1351 397 1582 433 nihilominus
1605 409 1708 442 per-

209 443 370 479 veniat
394 442 578 486 (Spazd.
606 445 744 486 intelligi
764 444 858 487 jubet
881 455 993 487 vox,
1029 445 1088 476 sed
1112 446 1226 477 melius
1260 451 1388 489 repetes
1423 457 1474 478 ex
1505 446 1704 487 praeceden-

210 492 296 523 tibus
328 490 424 532 res)
453 491 488 532 8,
512 491 547 532 3,
573 490 618 524 39
649 490 719 533 Ν.;
755 500 807 524 eo
842 495 962 524 tamen
994 489 1173 535 pervenit
1193 491 1314 535 (vis),
1353 496 1401 525 ut
1428 490 1460 525 is
1493 509 1538 516 —
1576 496 1708 525 tantum

208 541 448 580 consequatur
477 543 538 569 etc.
566 537 622 578 10,
648 536 684 579 6,
709 534 744 570 4.

163 594 443 636 PerversitaS.
488 603 739 638 molestissima
765 604 968 652 diligentiae
994 604 1231 649 perversitate
1259 606 1293 649 1,
1317 605 1353 648 6,
1379 606 1435 640 17.

165 651 384 693 Perverto·
432 662 472 704 α)
497 661 637 707 aliquos
667 667 702 696 et
727 661 873 696 ambitio
898 662 1072 706 pervertit
1103 665 1160 704 12,
1184 663 1220 705 8,
1239 665 1273 696 2.
1303 661 1348 708 β)
1373 663 1520 697 Panic„-
1547 660 1712 696 emutatis

208 708 256 742 in
279 718 557 752 perversum
582 708 723 743 dicendi
753 708 851 753 (Sp.
887 708 991 744 dictis
1016 710 1084 751 de)
1114 709 1236 756 figuris
1267 710 1303 752 8,
1335 712 1372 748 2.
1410 709 1466 744 19.
1516 707 1579 742 illa
1610 707 1709 751 (Sp.

208 755 411 844 ἱ1ηὸῗν.7ἰίι)2
414 755 613 836 ljactatione
637 766 809 800 perversa
832 755 981 799 (Neutr.
1005 754 1083 800 pl.)
1111 758 1169 799 11,
1202 757 1238 799 1,
1265 756 1310 790 21
1335 755 1385 790 N.
1431 765 1535 800 perv.
1566 753 1712 788 ambitio

163 859 388 902 Pervicax·
418 870 523 914 culpa
546 871 726 914 quorund.
751 869 995 923 pervicacium
1015 873 1047 908 1.
1061 869 1094 912 5,
1107 872 1164 904 17.
1189 880 1240 915 pr
1251 881 1275 903 u
1286 869 1337 904 de
1347 880 1371 903 n
1381 880 1398 903 s
1422 874 1459 903 et
1482 879 1502 903 c
1512 879 1535 903 o
1547 880 1571 902 n
1583 879 1600 902 s
1610 874 1623 902 t
1633 879 1685 902 an
1694 879 1712 902 s

210 915 349 997 §teuzi-(53)
373 917 435 952 vel
460 922 627 961 tanquam
653 916 884 951 inimicus
923 923 959 951 et
990 916 1228 961 pervicax
1263 915 1493 950 dimittendus
1527 914 1645 950 statim
1677 914 1713 958 5,

244 988 254 1006 ‚
341 986 350 995 .

162 1019 386 1062 Pervideo·
439 1031 511 1065 hoc
534 1029 596 1075 qui
618 1029 819 1075 perviderit
843 1033 876 1074 1,
903 1033 936 1073 1,
962 1032 996 1066 3.
1021 1029 1130 1066 facile
1162 1028 1452 1077 pervidebimus,
1486 1028 1583 1074 quod
1605 1027 1644 1062 in
1668 1026 1714 1063 eo

211 1083 265 1111 est
294 1078 328 1120 5,
353 1080 412 1122 10,
441 1080 498 1111 22.
547 1079 637 1111 haec
676 1077 706 1112 si
737 1077 1001 1122 perviderimus
1038 1077 1100 1122 (a.
1126 1082 1149 1112 1.
1180 1087 1306 1122 praev.
1317 1077 1344 1121 ),
1367 1082 1443 1111 tum
1474 1086 1563 1112 vere
1595 1073 1714 1109 imita-

210 1123 330 1157 bimur
353 1126 411 1168 10,
439 1127 475 1167 2,
503 1126 561 1159 27.
587 1134 662 1158 non
686 1124 878 1169 pervident
899 1124 1075 1160 rationem
1103 1127 1139 1168 2,
1165 1126 1222 1167 10,
1245 1127 1282 1159 7.

164 1170 261 1212 PeS·
313 1182 347 1223 Ι)
371 1184 404 1214 in
430 1194 579 1225 corpore.
626 1180 664 1224 α)
690 1183 883 1217 Nominat„-
922 1193 968 1217 ne
1001 1194 1065 1227 pes
1091 1181 1235 1227 quidem
1261 1175 1492 1224 (citharoedi)
1518 1178 1656 1214 otiosus
1680 1181 1715 1223 1,

212 1229 270 1271 12,
295 1228 329 1261 3.
360 1227 578 1261 currentium
604 1240 689 1272 pes,
723 1228 862 1263 etiamsi
885 1239 960 1262 non
983 1235 1164 1271 moratur,
1197 1233 1316 1261 tamen
1348 1225 1540 1273 vestigium
1571 1225 1659 1259 facit
1678 1225 1715 1268 9,

211 1271 248 1315 4,
273 1273 331 1307 67.
382 1274 488 1317 aequi
513 1280 549 1308 et
573 1273 709 1307 diducti
731 1276 874 1318 paulum
901 1276 1024 1318 pedes,
1053 1276 1115 1310 vel
1138 1275 1338 1318 procedens
1361 1272 1510 1306 minimo
1533 1276 1715 1319 momento

213 1318 358 1352 sinister
383 1321 439 1358 11,
467 1322 503 1362 3,
533 1321 612 1355 159.
660 1320 796 1364 obliqui
818 1322 928 1364 pedes
953 1323 994 1354 ib.
1024 1323 1101 1355 127.
1135 1319 1249 1364 juncti
1283 1320 1393 1363 pedes
1424 1321 1470 1361 2,
1501 1319 1567 1360 13,
1597 1318 1642 1360 93
1673 1318 1716 1350 de

210 1378 387 1398 mensura.-
419 1366 502 1399 deni
519 1364 557 1398 in
577 1367 746 1410 quadram
767 1367 876 1409 pedes
892 1368 923 1407 1,
936 1369 994 1408 10,
1005 1365 1064 1401 43.
1087 1364 1131 1409 β)
1157 1365 1266 1399 Genii.
1280 1379 1290 1398 .-
1315 1364 1418 1408 pedis
1429 1362 1629 1407 supplosio,
1653 1365 1710 1407 11,

207 1413 243 1454 3,
259 1412 338 1445 128.
360 1423 391 1445 υ.
406 1411 429 1445 S
441 1424 495 1455 up
506 1423 528 1455 p
541 1411 682 1446 losio.
712 1413 842 1455 pedum
861 1418 895 1446 et
907 1411 1179 1458 digitorumictu
1195 1410 1385 1444 intervalla
1394 1410 1534 1456 signant
1547 1408 1713 1453 quibusd-

211 1457 308 1491 notis
331 1458 368 1500 9,
391 1456 426 1500 4,
451 1460 506 1492 51.
531 1456 571 1502 y)
599 1461 762 1492 Accusat.
778 1472 788 1491 .·
812 1464 928 1492 terrae
954 1458 1085 1502 pedem
1103 1457 1265 1491 incutere
1281 1459 1318 1498 2,
1342 1458 1399 1500 12,
1425 1457 1481 1490 10.
1505 1467 1542 1499 p.
1564 1456 1715 1490 alterum

211 1505 320 1550 longe
348 1505 513 1548 proferre
545 1506 602 1547 11,
627 1506 662 1546 3,
689 1505 767 1539 160.
816 1505 945 1539 dexter
982 1516 1017 1548 p.
1046 1515 1078 1537 a.
1112 1504 1218 1538 laeva
1250 1501 1378 1546 judicis
1417 1500 1556 1536 sedenti
1587 1502 1712 1546 profe-

211 1552 346 1584 rendus
372 1556 426 1584 est
450 1553 493 1584 ib.
521 1552 599 1584 135.
627 1549 672 1592 cs.
696 1552 775 1585 125.
802 1553 836 1594 1,
866 1554 926 1594 11,
951 1551 1008 1585 16.
1055 1549 1092 1583 in
1121 1550 1291 1583 dextrum
1315 1547 1396 1592 (p.)
1426 1546 1635 1582 incumbere
1659 1547 1711 1592 (a.

212 1601 236 1630 l.
266 1607 366 1640 proc.
393 1601 439 1630 al.
466 1594 571 1640 rec.)
597 1599 654 1639 11,
681 1598 716 1640 3,
742 1598 822 1631 125.
870 1597 965 1630 male
988 1596 1027 1630 in
1051 1595 1232 1630 sinistrum
1261 1607 1296 1639 p.
1322 1593 1560 1628 insistentium
1584 1595 1714 1628 dexter

214 1649 274 1676 aut
303 1642 487 1683 attollitur,
529 1647 589 1676 aut
613 1642 760 1677 summis
785 1642 905 1689 digitis
930 1641 1158 1687 suspenditur
1180 1643 1247 1682 ib.;
1274 1644 1413 1674 transL:
1437 1641 1519 1684 ped·
1542 1641 1712 1682 conferre

211 1701 294 1723 cum
317 1689 466 1736 singulis
494 1691 529 1732 5,
558 1691 614 1732 13,
646 1692 702 1723 11.
751 1689 795 1723 ab
819 1690 884 1731 iis,
919 1700 1010 1733 quae
1035 1699 1111 1723 non
1140 1688 1331 1731 adjuvant,
1365 1697 1472 1731 quam
1505 1686 1713 1734 mollissime

209 1737 293 1780 ped.
318 1736 456 1770 referre
494 1737 535 1779 6,
572 1733 619 1778 4,
656 1737 712 1771 19.
761 1732 800 1779 ὃ)
828 1738 943 1770 Ablat.
959 1749 971 1769 .-
1013 1734 1053 1769 in
1089 1734 1241 1779 pedibus
1279 1734 1495 1768 observatur
1527 1738 1639 1766 status
1677 1737 1721 1770 et.

212 1783 375 1816 incessus
402 1785 460 1825 11,
499 1784 532 1825 3,
574 1780 653 1815 124.
701 1782 853 1826 pedibus
886 1793 996 1829 aeger
1027 1782 1064 1824 6,
1102 1783 1137 1824 3,
1169 1783 1226 1816 77.
1274 1778 1457 1815 vacillatio
1496 1779 1641 1814 alternis
1675 1790 1714 1822 p.

212 1828 454 1862 insistentium
493 1831 536 1862 ib.
572 1830 663 1871 1283
695 1829 734 1862 in
769 1829 826 1862 his
862 1827 1085 1871 actionibus,
1123 1832 1163 1860 ut
1197 1826 1375 1873 agricolae
1407 1825 1550 1868 dicunt,
1593 1823 1714 1859 omni

212 1876 332 1919 pede
360 1875 524 1908 standum
551 1880 605 1908 est
634 1877 690 1917 12,
714 1875 750 1918 9,
788 1876 833 1910 18
856 1876 905 1909 Ν.
951 1875 1003 1916 11)
1036 1877 1069 1907 in
1100 1874 1257 1916 rhythmo.
1295 1870 1338 1916 α)
1371 1885 1402 1906 ο.
1434 1872 1540 1915 Aah..-
1575 1871 1715 1915 aliquos

212 1921 483 1965 compositionis
508 1927 626 1955 certos
654 1933 689 1965 p.
717 1923 773 1964 10,
798 1924 833 1965 2,
860 1923 917 1956 13.
965 1919 1185 1954 difficiliores
1217 1931 1252 1963 p.
1275 1919 1310 1962 9,
1333 1917 1370 1961 4,
1394 1919 1451 1952 20.
1481 1929 1516 1962 p.
1539 1917 1647 1951 faceti
1672 1927 1715 1950 ac

211 1967 350 2001 deliciis
375 1967 591 2014 ingredienti
614 1969 741 2001 molles
766 1971 894 2002 Brut.
917 1967 953 2010 6,
981 1969 1016 2010 3,
1042 1969 1089 2001 20
1125 1978 1155 2000 υ.
1189 1964 1423 1999 Deliciae.
1455 1962 1611 1997 narratio
1636 1964 1715 1997 fere

213 2014 388 2048 tardiores
422 2020 493 2058 atq.
510 2040 520 2057 ‚
548 2019 588 2047 ut
611 2013 663 2047 sic
701 2013 874 2056 dixerim,
910 2013 1148 2048 modestiores
1188 2011 1367 2046 desiderat
1397 2022 1450 2055 p.,
1483 2015 1519 2045 et
1549 2009 1714 2044 omnibus

214 2061 402 2101 (Buttm.
429 2061 515 2103 conj.
540 2058 720 2103 omnium)
746 2060 906 2094 maxime
931 2059 1066 2094 mixtos
1090 2059 1125 2100 9,
1157 2055 1192 2100 4,
1231 2055 1300 2092 134
1336 2057 1383 2090 N.
1419 2069 1467 2090 cr.
1511 2055 1653 2090 metrici
1675 2066 1712 2099 p.

212 2106 441 2150 reperiuntur
463 2107 500 2140 in
528 2106 693 2141 oratione
717 2109 760 2142 ib.
785 2107 841 2141 52.
889 2105 992 2151 parvi
1017 2118 1050 2150 p.
1079 2104 1154 2140 vim
1185 2105 1376 2138 detrahunt
1398 2102 1506 2136 rebus
1527 2104 1572 2136 ib.
1597 2102 1648 2154 6..
1671 2100 1714 2153 ῥ’)

213 2154 408 2187 Nornina1.:
437 2158 521 2186 sunt
548 2153 648 2198 quasi
670 2154 820 2187 latentes
849 2152 1023 2186 sermonis
1048 2150 1396 2195 percussiones
1419 2154 1455 2183 et
1478 2148 1580 2193 quasi
1603 2147 1714 2191 aliqui

214 2201 383 2243 pedes,
409 2201 454 2233 ad
480 2209 570 2244 quos
594 2199 828 2244 plurimorum
851 2205 972 2246 gestus
1001 2196 1095 2232 cadit
1123 2199 1179 2239 11,
1204 2198 1238 2239 3,
1265 2197 1344 2231 108.
1377 2194 1479 2240 quasi
1503 2196 1596 2228 ullus
1620 2199 1715 2227 esset

214 2256 297 2289 peS,
338 2257 445 2290 quem
469 2256 543 2279 non
572 2248 619 2280 sit
641 2256 792 2280 necesse
815 2246 854 2279 in
885 2245 1047 2280 oratione
1083 2242 1304 2287 deprehendi
1338 2243 1385 2284 9,
1422 2240 1465 2283 4,
1497 2240 1555 2276 87.
1608 2251 1716 2284 quum

215 2297 382 2327 constent
411 2297 576 2337 quattuor
610 2293 691 2336 ped.
723 2291 836 2333 binis,
877 2297 960 2326 octo
1000 2289 1112 2325 ternis
1148 2288 1223 2332 (sc.
1254 2288 1476 2331 syllabis)
1511 2289 1555 2322 ib.
1583 2287 1640 2321 80.
1680 2297 1714 2318 υ.

214 2338 248 2370 N
261 2349 329 2371 um
341 2349 466 2372 erus.
491 2349 554 2382 pes
573 2338 660 2372 mihi
684 2338 747 2372 tris
773 2338 926 2382 syllabas
950 2347 1025 2371 non
1044 2335 1188 2372 videtur
1211 2334 1390 2369 excedere
1415 2335 1459 2367 ib.
1477 2334 1534 2369 79.
1551 2331 1715 2377 plerique

215 2395 263 2416 ex
290 2384 531 2418 commissuris
558 2386 621 2418 vel
644 2384 823 2419 divisione
850 2381 1070 2428 (verborum)
1101 2382 1191 2415 fiunt
1213 2394 1247 2426 p.
1275 2382 1319 2414 ib.
1341 2381 1400 2416 90.
1425 2378 1472 2421 cs.
1502 2380 1560 2414 61.
1586 2379 1715 2430 horum

214 2430 295 2472 ped.
326 2432 444 2464 nullus
468 2431 603 2465 nonin
628 2430 826 2465 orationem
849 2430 950 2465 venit
983 2431 1026 2463 ib.
1059 2430 1122 2470 833
1164 2427 1227 2472 (in
1258 2425 1460 2471 palaestra)
1494 2424 1583 2460 certi
1618 2424 1716 2468 quid.

215 2477 325 2517 pedes
355 2479 398 2510 ib.
424 2479 456 2512 8.
483 2490 517 2511 v.
545 2478 716 2511 Motus.
763 2476 803 2522 y)
833 2479 962 2512 Genit.:
999 2475 1037 2509 in
1061 2473 1283 2508 dimensione
1309 2474 1441 2517 pedum
1463 2471 1498 2513 9,
1521 2470 1557 2514 4,
1581 2471 1640 2505 85.
1668 2480 1716 2503 ne

215 2521 466 2564 inaequalitate
490 2525 622 2557 horum
657 2522 838 2565 omnium,
874 2522 965 2556 sicut
1000 2521 1154 2565 pedum,
1190 2518 1366 2554 claudicet
1397 2518 1550 2560 (sermo)
1587 2518 1645 2558 11,
1679 2517 1716 2558 3,

216 2565 272 2599 43.
299 2569 542 2604 modulatione
566 2570 648 2614 ped.
677 2573 710 2613 1,
734 2570 770 2612 6,
794 2572 829 2604 2.
867 2575 1000 2603 certam
1022 2567 1105 2611 ped.
1130 2565 1379 2601 necessitatem
1406 2566 1463 2606 10,
1487 2566 1520 2603 1,
1545 2562 1603 2597 29.
1633 2562 1715 2606 ped.

217 2612 455 2655 proprietates
482 2618 514 2658 1,
538 2617 573 2658 8,
602 2618 658 2650 13.
706 2615 807 2661 signa
832 2617 918 2660 ped.
943 2624 1018 2648 non
1052 2613 1170 2647 minus
1194 2610 1371 2646 saltationi
1395 2620 1500 2654 quam
1523 2608 1717 2642 modulati-

218 2658 347 2692 onibus
373 2660 517 2694 adhibet
540 2662 676 2695 musica
699 2662 791 2695 ratio
815 2671 1044 2695 numerorum
1067 2660 1104 2702 9,
1126 2661 1162 2701 4,
1189 2660 1268 2694 139.
1316 2653 1354 2700 δ)
1378 2659 1539 2689 Accusat.
1554 2668 1565 2688 .-
1590 2664 1718 2706 ‘unone

218 2705 334 2739 verbo
355 2704 423 2738 sint
449 2706 521 2739 duo
545 2719 580 2750 p.
608 2708 883 2751 comprehensi,
907 2719 954 2742 an
976 2712 1127 2750 uterque
1149 2705 1242 2739 liber
1264 2705 1301 2747 9,
1323 2701 1360 2744 4,
1382 2703 1440 2738 97.
1488 2701 1548 2735 hic
1570 2701 1719 2746 singuhs

220 2749 343 2784 verbis
366 2750 440 2784 bini
464 2763 499 2794 p.
526 2753 756 2786 continentur
779 2756 822 2787 ib.
849 2754 907 2789 65.
955 2752 1181 2787 dimetiendis
1205 2751 1287 2795 ped.
1318 2751 1363 2782 ib.
1397 2750 1474 2781 112.
1503 2752 1543 2780 ut
1566 2747 1655 2780 alios
1680 2758 1714 2789 p.

222 2797 416 2843 eligerent,
446 2797 607 2841 aliosque
632 2800 841 2834 damnarent
865 2802 907 2833 ib.
930 2801 991 2835 87.
1016 2799 1104 2833 illud
1128 2807 1272 2842 quoque
1303 2795 1457 2829 solutum
1490 2794 1595 2827 habet
1632 2802 1716 2826 suos
