1728 3002
0 349 1 358 η

0 365 2 374 >

683 160 880 205 Studium
1458 160 1539 202 859

0 295 1 299 ’
57 288 104 318 st.
125 280 215 328 juris
236 283 274 324 2,
295 280 332 324 8,
358 282 395 315 7.
418 279 476 324 12,
498 279 534 321 3,
562 279 618 311 11.
642 275 879 321 componendi
902 275 1020 310 studio
1044 276 1170 309 ductus
1193 276 1242 318 9,
1260 274 1308 318 4,
1333 274 1391 310 76.
1414 279 1458 309 31.
1485 274 1541 308 di-

55 327 180 364 scendi
201 329 385 363 voluntate
409 341 455 350 —
477 329 618 360 constat
642 326 675 367 1,
699 326 734 366 3,
756 325 791 358 8.
816 322 879 367 qui
901 323 973 356 hoc
994 321 1154 356 imitandi
1178 321 1296 356 studio
1319 326 1416 367 petet
1439 323 1486 355 ib.
1503 324 1539 355 2.

0 387 1 390 ’
57 374 187 420 quibus
207 371 380 417 loquendi
401 369 514 418 magis
537 380 641 415 quam
666 369 791 404 orandi
819 374 863 404 st.
887 368 956 403 fuit
980 370 1016 411 9,
1038 367 1074 412 4,
1101 370 1178 402 110.
1207 366 1254 409 cs.
1278 367 1314 411 6,
1338 367 1374 410 4,
1397 369 1431 402 8.
1459 378 1542 401 cnm

56 421 96 455 in
122 420 201 454 aliis
232 418 395 453 omnibns
428 417 522 451 inter
546 416 737 460 scriptores
764 426 899 450 summa
930 413 1180 449 dissensio
1205 419 1279 456 est,
1313 419 1388 449 tum
1410 412 1448 447 in
1471 414 1542 448 hoc

57 466 249 511 praecipue
272 464 416 500 videtur
437 463 523 498 mihi
549 462 754 496 studium
786 471 929 506 qnoque
954 460 1096 496 diversa
1127 459 1288 494 tradendi
1312 459 1423 494 fuisse
1446 461 1480 501 3,
1505 460 1542 502 6,

58 515 117 546 22.
164 513 202 555 y)
222 523 284 555 per
307 514 419 544 varios
444 521 552 543 casus.
597 509 635 550 a)
659 509 852 542 Nominat..·
878 512 954 542 erat
976 507 1162 552 plurimum
1186 506 1292 540 studii
1324 508 1378 548 10,
1404 509 1436 547 1,
1465 507 1542 540 128.

58 570 94 592 v.
111 556 360 591 Doctrina.
386 567 465 590 cum
487 555 571 598 (Ῑιοσ
590 554 759 596 studium)
787 553 978 598 antiquitus
1005 570 1050 578 —
1073 564 1129 597 ap.
1152 563 1276 587 omnes
1300 551 1482 586 duraverit
1510 554 1543 595 1,

61 605 118 646 10,
142 605 200 641 30.
225 602 314 636 nihil
340 613 436 645 ars,
461 601 549 635 nihil
571 605 636 643 st.‚
662 600 752 634 nihil
779 602 917 644 profe
930 605 1035 634 ctus
1059 598 1136 643 ipse
1159 597 1336 643 profuerit
1365 601 1419 640 12,
1448 598 1483 642 5,
1507 599 1542 631 2.

58 648 164 683 scidit
187 648 317 683 deinde
339 659 380 682 se
402 653 470 690 st„
494 653 598 691 atque
620 646 747 681 inertia
773 647 904 680 factum
934 651 1000 689 est,
1023 651 1062 679 nt
1084 651 1212 679 artes
1237 647 1356 689 plures
1381 654 1460 678 esse
1486 643 1545 678 vi·-

51 696 229 732 dei-entur
258 695 316 728 Pr.
334 696 391 728 13.
420 692 756 738 v-Disciplina.
812 692 853 736 b)
888 694 997 727 Genii.
1023 699 1055 726 et
1078 695 1184 726 Doet..-
1219 691 1314 725 bona
1350 689 1544 737 ingenii

59 740 292 784 studiique
317 742 374 783 12,
399 740 435 781 5,
457 742 491 774 2.
517 738 561 780 qs.
584 740 643 773 Pr.
664 742 728 781 27;
764 740 912 772 multum
936 738 1049 783 pietas
1072 738 1214 772 confert
1237 736 1355 771 studio
1378 739 1413 779 2,
1436 738 1472 778 9,
1498 739 1543 778 23

18 790 21 793 “
58 786 98 828 in
119 786 260 831 judiciis
283 787 393 833 vulgo
419 786 475 819 fas
491 786 660 829 habetur,
686 784 871 832 indulgere
897 784 1030 829 aliquid
1047 789 1091 818 st.
1115 794 1181 818 suo
1205 785 1239 826 3,
1257 785 1292 826 8,
1312 785 1367 818 13.
1416 781 1454 826 c)
1469 785 1544 815 Ac-

59 840 169 867 cusat.
183 847 194 866 .·
217 831 277 866 hic
302 831 368 875 (εἰσ
390 833 516 874 Codd.,
541 835 582 865 Z.
599 833 642 865 de
662 831 747 875 conj.
765 832 862 874 huic,
888 833 947 875 Sp.
972 829 1061 874 hnc)
1083 836 1126 864 st.
1150 829 1339 874 plurimum
1362 828 1442 871 (Sp.
1463 827 1546 869 om.)

42 878 296 913 'adhibendum
325 879 362 921 8,
389 878 446 911 Pr.
474 878 515 912 16
531 877 579 916 N.
597 890 644 911 cr.
665 890 698 911 v.
718 877 960 912 Judicium.
984 888 1052 911 nec
1069 876 1235 910 advocati
1262 874 1461 910 studium
1481 875 1546 908 sed

60 924 160 958 testis
183 931 246 958 etc.
271 923 392 957 afferat
416 922 561 956 fidem
588 926 654 966 10,
680 926 720 966 1,
746 926 825 958 111.
861 922 905 965 cs.
930 921 975 965 4,
1001 926 1041 966 1,
1065 925 1100 957 7.
1126 922 1210 956 huic
1234 920 1409 966 (sermoni)
1433 925 1484 954 st.
1510 926 1546 953 et

58 970 401 1004 incrementum
430 968 565 1003 dederit
587 968 718 1002 utilitas
746 971 787 1012 3,
814 972 858 1011 2,
885 972 917 1002 1.
948 970 1028 1013 plus
1060 967 1099 1001 in
1132 969 1202 1002 hoc
1235 968 1342 1002 studii
1367 967 1543 1000 dederunt

61 1018 200 1061 12„2,
227 1016 284 1051 19.
312 1014 473 1048 musicen
499 1020 636 1048 tantum
664 1025 737 1048 non
762 1014 918 1048 studii
940 1015 1048 1049 modo
1070 1025 1198 1048 verum
1221 1014 1326 1047 etiam
1350 1023 1547 1048 venera-

59 1061 215 1096 tionis
237 1060 403 1094 habnisse
427 1063 461 1103 1,
487 1063 543 1102 10,
569 1060 604 1095 9.
631 1060 834 1106 astrologia,
859 1061 992 1093 nullum
1019 1059 1168 1106 exigens
1191 1065 1357 1100 actum,
1382 1059 1446 1092 sed
1465 1058 1545 1102 ipso

18 1126 24 1131 -
59 1107 127 1150 rei,
151 1107 250 1150 cujus
274 1106 486 1140 studium
508 1107 627 1148 habet,
651 1107 909 1140 intellectu
936 1111 1102 1140 contenta
1122 1108 1157 1147 2,
1180 1106 1237 1148 18,
1261 1108 1294 1139 1.
1342 1105 1382 1147 d)
1405 1106 1544 1138 Amat..-

59 1153 141 1188 eod.
165 1153 346 1195 studio,
374 1152 597 1200 ingenio,
625 1151 845 1186 doctrina
876 1153 1073 1196 praeditum
1099 1154 1165 1193 12,
1195 1154 1235 1193 1,
1265 1154 1319 1185 10.
1355 1151 1399 1184 ad
1424 1151 1544 1194 profe-

59 1205 156 1234 ctum
178 1209 269 1243 opus
292 1204 346 1233 est
367 1204 416 1232 st.
444 1208 517 1232 non
542 1197 672 1244 indig
685 1198 877 1232 natione
896 1200 952 1240 10,
971 1200 1006 1241 3,
1025 1200 1082 1232 15.
1106 1198 1300 1231 laboratam
1320 1202 1555 1243 congestam-¹

59 1255 130 1290 qne
151 1243 288 1279 dierum
312 1255 354 1278 ac
376 1243 535 1279 noctium
557 1249 600 1277 st.
626 1243 825 1278 orationem
850 1246 916 1286 12,
942 1244 984 1287 6,
1009 1245 1043 1278 5.
1075 1242 1137 1288 qui
1160 1242 1206 1276 sit
1231 1249 1276 1277 st.
1301 1242 1391 1276 nihil
1414 1253 1544 1276 conse-

61 1297 164 1325 cutus
188 1293 228 1334 1,
257 1293 299 1333 1,
324 1291 357 1324 3.
393 1295 543 1324 aetatem
566 1290 677 1323 multo
704 1295 756 1322 st.
783 1301 826 1324 ac
854 1289 1015 1324 labore
1042 1294 1258 1323 consumunt
1279 1291 1323 1332 2,
1349 1291 1415 1331 20,
1439 1287 1473 1322 4.
1501 1293 1545 1322 st.

59 1335 257 1371 exercitata
280 1334 454 1371 velocitas
483 1336 526 1376 5,
551 1337 615 1378 10,
639 1337 717 1369 123.
747 1335 777 1369 si
799 1354 842 1361 —
863 1346 943 1368 cum
978 1346 1093 1369 cura
1131 1340 1167 1369 et
1200 1340 1248 1369 st.
1272 1334 1464 1369 fecerimus
1490 1337 1547 1378 10,

59 1385 96 1425 7,
117 1383 175 1418 29.
211 1391 398 1427 operam
430 1381 605 1425 juvandae
637 1380 797 1415 studio
826 1380 1020 1415 memoriae
1042 1379 1139 1414 dabit
1163 1383 1227 1423 11,
1251 1383 1296 1424 2,
1321 1380 1379 1415 41.
1414 1386 1454 1414 nt
1477 1380 1548 1414 sint

60 1427 253 1472 carissimi,
277 1426 395 1462 studio
418 1427 649 1462 merebuntur
670 1429 706 1469 2,
731 1427 767 1470 9,
790 1429 824 1462 2.
848 1433 996 1461 artem
1022 1433 1059 1461 et
1085 1427 1280 1461 nitorem
1312 1433 1348 1460 et
1374 1426 1547 1471 quidquid

58 1474 217 1508 studio
240 1479 383 1518 paratur
403 1476 461 1516 11,
488 1475 523 1516 3,
547 1475 602 1507 10.
629 1478 796 1518 quantum
821 1479 982 1507 natura
1008 1473 1242 1517 studioque
1266 1474 1384 1507 valeat
1410 1483 1548 1508 memo·

15 1522 17 1524 ’
60 1519 113 1577 ria
140 1522 198 1563 11,
219 1522 256 1563 2,
277 1522 335 1555 50.
354 1521 445 1554 haec
470 1518 612 1563 quidem
636 1530 696 1553 ex
719 1524 838 1562 arte,
860 1518 922 1553 illa
944 1529 1036 1554 vero
1060 1530 1119 1554 ex
1146 1526 1197 1553 st.
1223 1521 1288 1562 10,
1313 1522 1347 1562 7,
1374 1522 1408 1553 7.

106 1606 167 1652 11)
194 1611 312 1651 Plan,
340 1609 552 1651 peculiariter
573 1609 615 1640 de
642 1620 767 1651 opera,
800 1621 886 1652 quae
913 1610 1040 1641 artibus
1065 1610 1275 1652 impenditur.
1317 1606 1361 1651 α)
1386 1622 1416 1644 c.
1440 1610 1548 1654 Acis..-

62 1659 106 1689 31.
131 1654 257 1697 dilata,
281 1654 428 1696 abrupta
450 1653 486 1695 6,
509 1653 566 1687 Pr.
592 1651 647 1686 14.
672 1652 932 1697 periclitantem
958 1655 1184 1688 commendat
1208 1653 1373 1699 dignitas,
1401 1660 1445 1690 31.
1471 1657 1550 1690 for-

61 1700 111 1735 tia
137 1707 199 1734 ew.
221 1700 264 1738 6,
291 1702 332 1742 1,
359 1701 416 1733 21.
443 1699 487 1732 ab
509 1698 678 1732 institutis
702 1705 744 1733 st.
774 1701 836 1741 10,
868 1702 884 1733 1
901 1725 911 1742 ,
934 1701 993 1734 91.
1031 1701 1077 1734 de
1099 1700 1231 1734 nostris
1255 1706 1299 1734 st.
1336 1701 1387 1742 (i.
1411 1715 1440 1735 e.
1465 1706 1549 1735 elo-

64 1746 269 1792 quentia)
295 1747 351 1787 12,
375 1746 431 1786 11,
455 1744 511 1778 15.
536 1745 845 1788 perseverantibus
869 1751 912 1779 st.
937 1748 994 1788 12,
1021 1749 1078 1788 10,
1101 1748 1159 1780 79.
1179 1746 1294 1790 prima
1316 1752 1359 1780 st.
1385 1750 1420 1790 2,
1443 1749 1478 1790 3,
1503 1750 1550 1782 10

63 1804 99 1826 v.
121 1791 394 1825 Profectus.
427 1794 472 1823 st.
497 1796 636 1825 secreta
663 1793 705 1830 2,
732 1792 797 1833 18,
821 1791 855 1825 4.
882 1793 949 1834 12,
972 1792 1015 1835 6,
1038 1790 1075 1826 4.
1121 1793 1165 1835 β)
1189 1805 1219 1827 c.
1244 1794 1376 1826 Genii„-
1400 1793 1548 1827 aliarum

65 1847 208 1882 quoqne
232 1835 495 1880 disciplinarum
521 1842 564 1870 31.
589 1836 820 1883 ingredienda
843 1843 926 1871 sunt
950 1841 983 1880 1,
1010 1840 1066 1880 10,
1090 1840 1125 1871 2.
1158 1843 1203 1872 31.
1226 1837 1406 1872 literarum
1433 1839 1550 1873 minus

62 1883 335 1917 Lacedaemone
361 1893 466 1925 quam
491 1882 643 1916 Athenis
666 1882 814 1917 honoris
837 1884 1062 1917 merebantur
1084 1885 1119 1926 3,
1144 1887 1179 1927 7,
1198 1883 1254 1917 24.
1283 1890 1326 1917 st.
1356 1885 1549 1929 sapientiae

66 1932 133 1972 12,
161 1931 205 1970 2,
228 1928 263 1962 8.
287 1932 330 1961 31.
358 1927 499 1961 dicendi
528 1930 560 1969 1,
583 1931 619 1971 2,
642 1930 700 1963 25.
726 1931 760 1971 2,
788 1932 844 1972 20,
868 1932 902 1963 2.
952 1928 1000 1973 y)
1022 1942 1085 1973 per
1110 1933 1221 1963 varios
1247 1932 1364 1964 Casus.
1399 1930 1447 1974 a)
1471 1932 1548 1965 No-

63 1978 204 2009 νάπαις
241 1979 300 2006 aut
330 1973 555 2008 condicio
589 1979 648 2008 aut
683 1975 842 2009 studia
872 1976 1062 2009 multorum
1093 1976 1136 2018 6,
1164 1977 1205 2018 3,
1232 1975 1289 2010 34.
1326 1982 1369 2010 st.
1402 1987 1547 2021 quoqne

16 2060 18 2062 ,
63 2020 171 2066 (suni,
195 2020 283 2052 unde
306 2027 529 2061 argumentum
554 2023 638 2053 sumi
663 2019 779 2064 possit)
799 2022 832 2062 5,
851 2024 906 2064 10,
927 2024 972 2056 27
989 2022 1038 2055 N.
1064 2033 1155 2065 quae
1171 2027 1252 2066 post
1269 2022 1376 2056 finem
1397 2022 1548 2066 (agendi)

65 2072 110 2101 st.
132 2067 189 2099 Pr.
212 2067 270 2098 22.
299 2070 342 2097 st.
370 2066 481 2099 multo
513 2067 591 2109 plus
623 2066 753 2100 secreti
789 2067 992 2101 desiderant
1015 2070 1057 2110 1,
1084 2070 1124 2110 2,
1150 2070 1206 2101 11.
1234 2073 1278 2101 st.
1308 2069 1408 2102 nullo
1436 2070 1548 2114 magis

65 2122 172 2157 quam
198 2121 262 2162 spe
284 2111 437 2163 gaudent
459 2114 507 2152 2,
527 2113 572 2153 4,
596 2114 650 2146 13.
685 2123 766 2146 cum
789 2119 833 2147 st.
858 2119 1057 2156 praestent,
1090 2118 1130 2146 ut
1151 2133 1198 2139 —
1221 2113 1327 2147 etiam
1350 2115 1549 2157 praeteritis

64 2157 194 2192 seculis
216 2167 353 2190 wxlsse
376 2157 560 2191 videamur
587 2160 651 2200 12,
674 2157 722 2201 4,
748 2161 783 2192 2.
815 2159 899 2203 quid
923 2164 966 2193 st.
991 2159 1168 2201 referant,
1193 2165 1399 2203 computare
1424 2164 1465 2203 1,
1491 2164 1549 2204 12,

67 2207 122 2238 17.
167 2201 208 2245 b)
231 2203 360 2236 Ger-im
386 2201 447 2246 qui
464 2202 510 2236 sit
533 2203 730 2237 studiorum
756 2205 904 2239 eorund.
926 2206 962 2248 6,
985 2204 1021 2247 4,
1045 2207 1102 2238 21.
1129 2204 1287 2238 omnium
1310 2205 1347 2238 in
1372 2206 1483 2240 literis
1506 2213 1548 2241 st.

65 2247 343 2292 antiquissimam
365 2247 525 2282 musicen
551 2249 710 2284 extitisse
735 2252 768 2292 1,
793 2253 849 2294 10,
876 2254 930 2285 10.
957 2252 1041 2294 quid
1064 2252 1170 2297 longa
1191 2256 1235 2284 st.
1260 2258 1356 2286 aetas
1378 2252 1464 2286 facit
1493 2255 1549 2296 10,

64 2299 101 2338 7,
123 2294 158 2329 4.
179 2307 264 2330 ‚ars
292 2300 341 2327 st.
365 2293 552 2336 (stridorem
576 2294 698 2338 efficit)
714 2297 756 2339 9,
782 2297 817 2339 4,
845 2298 889 2331 37
905 2298 950 2332 Ν.
980 2302 1116 2330 certum
1141 2302 1184 2331 st.
1208 2298 1382 2331 delectum
1407 2301 1443 2340 2,
1461 2299 1496 2341 8,
1513 2302 1548 2333 7.

67 2341 111 2374 ad
135 2339 419 2374 exhortationem
442 2345 485 2374 st.
513 2343 569 2384 12,
595 2344 651 2383 11,
680 2340 738 2379 24.
765 2342 881 2376 omnis
908 2349 948 2376 st.
972 2343 1110 2376 fructus
1133 2344 1167 2386 8,
1190 2343 1248 2377 Pr.
1271 2344 1328 2378 26.
1360 2343 1405 2384 cs.
1434 2347 1490 2387 12,
1513 2346 1549 2388 6,

20 2428 26 2429 ἶ
67 2388 103 2420 3.
129 2388 190 2428 12,
219 2379 283 2428 11,
310 2383 346 2419 4.
370 2384 408 2419 in
434 2386 532 2421 omni
555 2392 599 2420 st.
624 2397 756 2433 genere
780 2389 947 2422 valetudo
971 2388 1169 2422 necessaria
1195 2391 1262 2430 10,
1289 2391 1331 2431 3,
1355 2390 1413 2424 26.
1443 2390 1488 2431 cs.
1515 2394 1548 2434 1,

63 2430 102 2474 4,
123 2431 158 2466 5.
183 2436 227 2464 31.
254 2430 354 2464 initia
379 2434 412 2474 1,
439 2435 471 2475 1,
496 2434 552 2466 23.
578 2437 622 2469 st.
648 2433 789 2467 labores
814 2436 871 2477 12,
898 2437 929 2477 1,
953 2435 988 2468 8.
1022 2433 1067 2475 cs.
1094 2437 1127 2477 1,
1154 2437 1208 2477 12,
1235 2435 1268 2469 8.
1305 2445 1445 2470 omnem
1468 2437 1548 2471 fero

67 2482 112 2511 st.
135 2476 317 2510 materiam
344 2479 402 2520 10,
427 2481 461 2520 1,
487 2479 563 2513 129.
587 2477 623 2511 in
650 2478 712 2512 illo
740 2484 782 2512 st.
807 2489 908 2514 more
931 2481 997 2523 12,
1024 2483 1058 2522 2,
1091 2481 1146 2514 18.
1172 2480 1371 2515 emendatio
1395 2493 1478 2526 pars
1502 2488 1547 2518 st.

31 2562 34 2565 ,
65 2524 176 2568 longe
198 2522 464 2566 utilissimajo,
487 2523 523 2566 4,
551 2525 583 2557 1.
611 2523 657 2565 cs.
684 2527 740 2566 10,
763 2528 798 2567 2,
825 2524 879 2558 14.
905 2531 950 2559 st.
975 2536 1136 2560 secessus
1161 2529 1217 2568 10,
1243 2528 1275 2564 5.
1299 2528 1354 2561 16.
1385 2528 1547 2563 assiduus
1613 2517 1622 2525 ¹

64 2573 113 2608 st.
135 2574 284 2603 exactor
309 2571 342 2611 1,
362 2571 397 2611 3,
426 2568 482 2603 14.
507 2574 550 2603 st.
575 2571 736 2604 hortator
758 2573 815 2612 10,
841 2573 874 2613 3,
898 2573 954 2605 23.
983 2577 1026 2604 31.
1052 2571 1352 2615 perniciosissima
1374 2574 1487 2608 hostis
1510 2578 1547 2618 2,

30 2629 50 2649 τ·
66 2616 104 2657 2,
129 2616 184 2648 10.
233 2613 266 2656 c)
290 2617 393 2648 Dat..·
418 2615 616 2649 necessaria
643 2615 768 2650 studiis
795 2619 837 2657 3,
863 2620 904 2658 1,
929 2619 964 2650 3.
990 2628 1061 2662 qno
1084 2638 1130 2643 —
1155 2624 1198 2652 st.
1223 2619 1333 2664 magis
1356 2619 1548 2664 propitium

67 2670 201 2694 numen
223 2665 278 2694 est
301 2658 348 2702 4,
370 2660 427 2694 Pr.
453 2662 485 2695 5.
523 2666 576 2694 est
607 2672 670 2695 sua
702 2660 807 2696 etiam
839 2668 880 2696 st.
906 2663 1054 2697 infantia
1077 2663 1138 2699 Pr.
1163 2667 1220 2698 21.
1248 2675 1413 2711 agrorum
1435 2666 1545 2700 nimia

71 2715 158 2739 cura
181 2713 242 2740 etc.
274 2706 424 2739 multum
453 2706 578 2740 studiis
602 2708 767 2742 auferunt
792 2711 857 2751 12,
886 2711 927 2751 1,
954 2709 987 2743 6.
1023 2712 1227 2753 quantulum
1250 2716 1293 2745 st.
1326 2711 1546 2756 impartimur

72 2752 128 2794 12,
151 2753 209 2795 11,
233 2752 288 2787 18.
314 2763 405 2796 quae
425 2752 455 2787 si
481 2752 600 2788 omnia
627 2753 752 2789 studiis
772 2755 1062 2800 impenderentur
1079 2760 1132 2799 12,
1157 2761 1213 2802 11,
1237 2758 1291 2793 19.
1318 2757 1364 2800 cs.
1390 2761 1425 2802 2,
1449 2760 1484 2802 4,
1510 2761 1545 2793 3.
