1728 3002
467 183 652 226 Insidiae
677 208 732 214 -
762 179 996 225 Insolenter
1409 177 1491 216 433

15 319 159 387 inseri
182 297 561 394 pog⁸i12,1ff.21’4.37m
583 308 637 378 {ld
643 295 833 376 (li‘irl‘iueottiii-
853 293 1215 386 Eriliillitliiil‘duinieli-iliii
1225 292 1343 384 1531&
1349 303 1489 383 nizeqiili‘I

16 397 120 433 terim
142 391 305 430 inseri
327 393 420 426 solet
444 390 633 435 parabolae
657 390 699 431 6,
729 390 771 430 5,
798 390 853 422 59.
892 398 973 421 cum
995 386 1135 430 scriptis
1164 397 1226 429 ea,
1258 396 1349 430 quae
1373 385 1491 420 subito

16 449 98 478 sunt
122 447 215 483 nata,
237 439 437 473 inserantur
460 438 516 478 10,
539 436 575 479 6,
591 436 625 470 5.
653 433 786 478 aliquid
810 444 859 466 ex
882 437 1043 477 tempore
1067 432 1228 466 dicendis
1254 431 1363 465 inseri
1389 433 1492 475 12‚9.

18 493 73 526 17.
98 487 217 522 medio
240 493 404 519 sermone
429 481 581 526 aliquem
602 480 761 515 inserant
785 489 927 512 sensum
949 480 1032 522 8,2,
1051 479 1107 514 15.
1163 479 1366 523 y)1²ar11·0..·
1392 478 1492 519 cujus

15 533 237 571 orationibus
261 530 460 577 complures
482 526 684 572 hujumodi
705 524 928 559 narrationes
950 524 1105 559 insertae
1143 524 1185 568 6,
1212 525 1257 567 3,
1280 522 1340 558 42.
1391 534 1494 558 com-

16 580 178 626 pluribus
199 574 343 612 insertis
364 576 401 618 8,
422 577 459 617 2,
483 574 538 608 15.

0 625 174 668 insidiae.
218 641 291 678 quo
316 632 396 676 plus
419 628 618 665 dicentibus
638 626 784 671 fidei,
820 627 1007 679 minusque
1029 633 1215 672 suspectae
1237 627 1493 662 advocatorum

18 681 225 718 insidiae
248 680 367 713 forent
389 679 445 719 12,
462 678 497 718 9,
515 677 548 710 5.
574 673 763 708 obtulerim
786 673 924 707 insidiis
947 677 981 716 9,
999 675 1033 716 3,
1051 674 1110 710 45.
1135 673 1281 708 insidias
1305 673 1495 717 disponere

17 725 55 771 4,
76 726 181 772 2,48.
210 720 391 770 quomodo
413 721 558 756 insidias
582 719 712 754 Miloni
738 719 883 753 fecisset
903 718 939 761 4,
967 723 1000 761 2,
1025 721 1082 754 25.
1113 719 1159 761 qs.
1185 723 1221 763 3,
1248 723 1303 762 11,
1330 724 1382 756 15,
1408 723 1443 764 6,
1460 726 1494 765 3,

12 772 78 810 49.
95 775 98 778 ”
115 770 263 809 insidias
284 769 418 806 virtute
444 771 647 812 superasset
674 768 740 809 11,
765 769 806 807 1,
833 764 890 799 40.
926 765 964 798 in
989 764 1045 799 his
1070 764 1211 810 (causis)
1237 766 1405 802 vitandae
1428 769 1495 804 ins.

18 819 55 863 5,
75 820 195 863 7,‚12.
232 821 423 860 antequam
446 813 484 847 in
506 813 570 846 has
594 811 718 846 aetatis
745 812 866 847 veniat
891 810 957 844 ins.
985 814 1048 850 12,
1079 814 1144 854 11,
1171 811 1207 846 4.
1242 812 1438 848 insidiis
1462 822 1497 849 et

19 863 228 900 occultis
259 861 440 896 artibus
470 869 547 893 rem
573 862 673 904 geret
700 860 771 900 12,
793 858 840 901 9,
866 859 908 899 33
940 868 998 891 ex
1029 855 1229 892 insidiis
1259 859 1394 894 factum
1419 874 1496 906 opp.

18 911 166 956 palam
191 910 227 951 5,
251 909 309 950 10,
332 909 387 942 52.
425 903 468 946 ‹J-
490 906 526 947 6,
550 902 585 946 4,
611 902 656 937 14
683 904 722 937 S.

0 954 217 998 nsidiamr.
261 975 308 1000 an
331 962 377 996 sit
399 962 455 1006 jus
476 959 719 994 insidiatorem
746 957 933 991 occidendi
963 958 1005 1000 3,
1033 958 1079 1001 5,
1105 960 1160 993 10.
1211 968 1420 1005 oporteatne
1444 965 1501 1000 in-

14 1011 228 1049 sidiatorem
248 1007 401 1044 interfici
427 1008 484 1048 10,
510 1008 544 1048 5,
566 1007 624 1040 13.
650 1003 891 1038 insidiatorem
914 1002 1077 1038 Clodium
1100 1008 1136 1048 7,
1159 1008 1193 1049 1,
1217 1007 1275 1042 36.

0 1056 178 1104 midim'·
205 1075 312 1109 suepe
334 1067 605 1108 praeparat,
629 1060 916 1102 dissimulat,
934 1060 1199 1095 ‘insidiatur
1223 1063 1268 1106 (a.
1289 1069 1310 1100 1.
1338 1066 1501 1112 insidias)

26 1117 150 1150 orator
172 1113 236 1154 10,
260 1113 303 1153 1,
326 1112 384 1144 21.
419 1119 501 1143 cum
522 1106 708 1142 insidiatur
730 1104 848 1150 (mens)
878 1108 934 1148 12,
961 1109 995 1148 1,
1020 1109 1054 1141 7.
1092 1109 1190 1151 quod
1216 1119 1290 1144 non
1316 1111 1503 1149 insidietur

26 1158 202 1202 (orationis
223 1155 341 1199 genus)
366 1155 402 1196 8,
426 1155 544 1197 3,“11.
581 1152 628 1187 sit
649 1151 777 1197 aliquis
798 1150 984 1186 insidiatus
1006 1154 1160 1197 tyranno
1186 1157 1242 1199 12,
1266 1157 1302 1200 3,
1325 1157 1383 1196 40,
1417 1159 1504 1196 insi.

25 1204 127 1242 dians
147 1203 295 1239 fortuna
319 1201 362 1244 6,
382 1201 442 1235 Pr.
468 1199 504 1234 8.

0 1243 229 1292 ὴςίἆίόείιε.
268 1273 313 1282 ——
338 1255 495 1290 actiones
519 1255 553 1298 5,
579 1256 636 1298 13,
658 1257 718 1288 21.

3 1305 149 1351 unitio--
183 1314 214 1358 1)
236 1313 342 1349 litei-a
367 1314 385 1347 1
407 1311 475 1347 sibi
495 1311 617 1346 insidit
641 1312 678 1354 (ἰ.
697 1324 727 1345 e.
745 1311 914 1353 geminata
937 1313 1036 1345 simul
1058 1313 1307 1360 pronuntiatur)
1332 1321 1365 1356 1,
1387 1318 1422 1361 4,
1449 1322 1506 1354 11,

0 1360 74 1411 ι11)
94 1364 120 1402 ἰ.
159 1387 167 1393 .
191 1361 419 1394 inhaereo.-
444 1368 517 1392 non
541 1357 659 1391 animo
681 1355 823 1404 sanguis
847 1362 884 1391 et
898 1358 1013 1401 pallor
1030 1366 1098 1392 mc.
1120 1359 1279 1396 insidet?
1302 1363 1336 1406 6,
1350 1366 1385 1406 2,
1399 1367 1442 1399 31
1461 1367 1506 1401 Ν.

1 1411 6 1421 ”
25 1409 112 1452 dm
133 1418 148 1441 i
175 1417 197 1440 a
215 1402 330 1442 verba
350 1404 545 1438 memoriae
570 1403 725 1437 insidant
748 1405 804 1445 10,
815 1405 852 1446 7,
863 1405 897 1437 2.
925 1403 1096 1448 quidquid
1115 1405 1263 1441 rudibus
1289 1415 1325 1442 et
1348 1411 1507 1445 omnium

3 1455 5 1461 ¹
130 1451 139 1460 ”
181 1449 355 1492 insederit
378 1453 412 1493 1,
432 1451 467 1492 8,
485 1448 520 1483 4.
545 1449 583 1483 ἱιι
609 1448 845 1492 eluendis,
869 1460 960 1493 quae
973 1451 1084 1484 semel
1104 1451 1381 1497 insederint,
1409 1457 1507 1492 vitiis

14 1502 75 1543 Κ2,
95 1501 141 1542 3,
163 1501 198 1533 2.
233 1497 331 1533 dicta
355 1495 487 1532 vitiose
522 1495 736 1542 corrigat
766 1493 950 1539 protinus,
992 1507 1060 1530 nec
1086 1495 1303 1535 insidere
1336 1501 1389 1536 illi
1415 1502 1507 1538 sinat

15 1546 64 1589 fij,
87 1547 122 1588 1,
149 1545 208 1579 11.
241 1542 275 1577 si
297 1541 383 1586 quid
404 1541 537 1577 vitiose
560 1540 679 1575 multis
703 1539 875 1574 insederit
902 1543 934 1583 1,
948 1541 984 1584 6,
1001 1540 1058 1576 44.

0 1588 183 1645 *Signia
217 1609 367 1643 quorum
391 1596 606 1644 insignis
631 1596 836 1630 maxime
860 1597 996 1631 Plotius
1018 1598 1087 1632 fuit
1108 1601 1152 1643 2,
1174 1599 1218 1644 4,
1242 1600 1308 1645 42;
1356 1614 1509 1649 corpora

6 1645 197 1694 {noum
222 1643 376 1691 insignia
399 1646 433 1686 1,
457 1646 492 1696 1,
521 1646 555 1676 2.
600 1643 667 1676 ins.
690 1643 822 1675 famam
845 1644 901 1685 10,
927 1646 962 1686 1,
985 1644 1064 1679 116.
1113 1645 1182 1681 ins.
1202 1647 1345 1682 laudem
1381 1652 1425 1685 ib.
1449 1653 1505 1686 93,

5 1691 100 1728 rins.
123 1690 374 1725 orationes‘ib.
394 1691 451 1723 24.
476 1699 516 1722 in
536 1688 590 1721 M.
615 1687 757 1722 Calidio
781 1687 851 1721 ins.
876 1688 966 1723 haee
986 1689 1102 1725 virtus
1129 1695 1186 1735 12,
1211 1696 1268 1736 10,
1288 1695 1346 1730 39.

23 1737 226 1826 ’ἔὶὲὄηὶξεέὺ
270 1746 316 1781 Et
339 1745 409 1780 iiis.
436 1743 630 1782 Africanus
652 1754 710 1788 ap.
734 1744 916 1779 Neronem
939 1746 984 1779 de
1006 1752 1124 1782 morte
1148 1749 1270 1784 matris
1296 1749 1361 1795 (sc.
1385 1753 1511 1797 dixit)

56 1816 68 1834 ,
115 1817 126 1832 ,
197 1813 208 1824 .

12 1832 209 1881 insimulo.
252 1846 527 1889 repetundarum
548 1845 696 1880 crimine
717 1844 978 1881 insimulabitm·
1001 1846 1038 1890 4,
1062 1851 1098 1892 2,
1123 1850 1185 1888 15.

13 1890 240 1945 uflinuatio.
275 1900 417 1944 quidam
440 1901 627 1935 exordium
649 1901 687 1935 in
711 1902 797 1934 duas
820 1901 983 1937 dividunt
1004 1911 1140 1949 partes,
1174 1906 1454 1953 principium
1476 1916 1511 1944 et

26 1945 398 2003 *insinuationem
419 1944 455 1988 4,
482 1949 516 1988 1,
539 1945 594 1979 42
641 1946 712 1979 ins.
736 1954 896 1991 sui-repat
920 1949 1046 1983 animis
1068 1953 1114 1984 ib.

84 2005 216 2047 piens.
252 2001 372 2045 (risus)
393 2012 452 2035 res
478 2000 582 2042 levis,
612 2005 647 2034 et
670 2012 762 2045 quae
789 2003 833 2036 ab
858 2005 1050 2050 scurris,
1079 2007 1255 2052 mimis,
1284 2008 1512 2055 insipien-

36 2047 167 2086 tibus
193 2048 346 2093 denique
375 2057 482 2090 saepe
504 2051 690 2080 moveatur
713 2046 750 2090 6,
773 2049 808 2091 3,
831 2049 865 2082 8.

34 2093 164 2144 sisto.
197 2103 409 2148 1)propn‘e.·
435 2104 536 2137 velut
559 2101 798 2136 salientes
822 2103 894 2137 huc
916 2104 1014 2150 illuc,
1037 2117 1104 2141 nec
1121 2119 1270 2153 usquam
1294 2110 1336 2144 in
1348 2111 1513 2148 sisten-

37 2156 94 2186 tes
120 2152 185 2192 10,
208 2153 243 2192 7,
266 2149 302 2184 6.
339 2148 484 2182 alternis
509 2147 658 2191 pedibus
679 2147 916 2183 insistentium
939 2153 1002 2194 11,
1032 2154 1075 2195 3,
1102 2155 1188 2196 128;
1224 2154 1300 2199 ipsa
1322 2159 1513 2194 enormitas

37 2194 197 2241 invenit,
229 2195 241 2228 i
248 2205 272 2227 n
297 2203 368 2238 quo
393 2193 506 2237 possit
527 2193 690 2227 insistere
712 2194 748 2236 9,
771 2191 807 2237 4,
827 2196 872 2228 27
884 2206 894 2236 3
926 2194 974 2229 in
996 2196 1175 2233 sinistrum
1198 2202 1326 2244 pedem
1344 2203 1513 2239 insisten-

37 2241 129 2276 fium
149 2243 214 2284 11,
237 2242 280 2283 3,
304 2239 383 2274 125.
442 2240 493 2281 11)
526 2242 650 2291 transh-
670 2240 694 2272 ἰ.
720 2251 752 2284 ‹1-
776 2251 937 2283 urgeo,
969 2244 1100 2278 nitor.
1147 2245 1188 2285 α)
1213 2246 1395 2292 historiae,
1422 2261 1513 2294 quae

39 2297 231 2327 currere
258 2285 363 2319 debet
388 2295 430 2318 ac
455 2285 566 2327 ferri,
602 2293 721 2318 minus
745 2285 998 2320 convenissent
1027 2287 1302 2327 insistentes
1335 2295 1514 2332 clausulae

41 2330 84 2374 9,
109 2331 153 2373 4,
183 2332 241 2368 18.
285 2335 326 2363 ut
350 2329 452 2364 initia
475 2330 723 2374 clausulaeque
752 2330 1009 2375 plurimum
1048 2338 1275 2372 momenti
1312 2339 1489 2377 habent

41 2375 207 2423 quotiens
237 2375 363 2427 incipit
392 2386 517 2428 sensus
543 2381 603 2408 aut
624 2373 777 2409 desinit:
817 2375 869 2410 sic
891 2376 929 2410 in
951 2378 1076 2414 mediis
1100 2391 1243 2426 quoque
1265 2378 1348 2420 sffnt
1370 2370 1514 2432 quidani

43 2427 205 2464 conatus,
230 2422 490 2473 qui-leviter
515 2421 680 2455 insistimt
701 2422 749 2460 (a.
765 2425 787 2455 1.
813 2421 1000 2463 intersist.)
1024 2427 1067 2459 ib.
1090 2427 1148 2461 67.
1177 2439 1257 2462 cum
1277 2430 1338 2465 illa
1359 2435 1514 2469 rotunda

44 2472 82 2503 et
102 2466 259 2510 undique
282 2466 489 2519 circumcisa
509 2466 671 2501 insistere
698 2466 854 2501 invicem
876 2476 1053 2512 nequeant
1075 2471 1110 2515 8,
1134 2473 1169 2516 5,
1191 2477 1249 2509 27.
1309 2476 1355 2520 β)
1389 2479 1442 2513 ἰιι
1469 2492 1514 2515 eo

43 2523 127 2557 pars
147 2518 299 2564 utraque
320 2517 451 2564 insistit
471 2514 505 2554 3,
530 2513 565 2552 6.
589 2513 630 2554 5;
677 2512 840 2556 quamvis
864 2525 945 2557 pars
970 2517 1147 2558 posterior
1168 2520 1354 2566 participio
1378 2523 1517 2560 insistat

42 2558 81 2611 ξ),
103 2559 139 2610 3,
156 2557 215 2592 64.
243 2568 351 2592 anum
375 2568 440 2591 suo
466 2558 547 2591 nisu
571 2557 695 2591 studiis
718 2557 884 2593 insistunt
908 2562 942 2603 1,
967 2563 1023 2604 12,
1048 2564 1104 2598 10.
1137 2575 1185 2599 ne
1206 2566 1331 2602 alienis
1352 2572 1515 2618 vestigiis

133 2609 245 2638 terem
269 2604 326 2637 Pr.
351 2605 385 2638 3.
422 2602 467 2644 cf.
494 2605 551 2646 10,
577 2605 613 2646 2,
636 2604 691 2637 10.

54 2645 207 2710 =tilens-
251 2679 299 2687 -
323 2661 474 2696 verbum
498 2658 533 2702 4,
559 2661 592 2703 1,
616 2661 672 2694 58.
705 2658 1016 2696 insolentissimum
1038 2674 1169 2700 nomen
1195 2667 1252 2702 Pr.
1278 2668 1335 2704 14.

42 2700 254 2803 Ι,ιιηῙξὲιιίόιῖι-εῐ
286 2728 308 2751 a
329 2727 400 2763 quo
427 2717 494 2752 ins.
522 2715 620 2764 quid,
647 2721 706 2751 aut
727 2715 992 2763 minaciter,
1020 2726 1081 2756 aut
1105 2725 1357 2763 crudeliter
1386 2728 1518 2765 dictum

72 2811 75 2816 ’
139 2785 224 2851 ,Lem
246 2818 358 2863 Quint.
1160 2826 1204 2859 28
