<?xml version="1.0" encoding="UTF-8"?>
<!DOCTYPE html PUBLIC "-//W3C//DTD XHTML 1.0 Transitional//EN"
    "http://www.w3.org/TR/xhtml1/DTD/xhtml1-transitional.dtd">
<html xmlns="http://www.w3.org/1999/xhtml" xml:lang="en" lang="en">
 <head>
  <title>
</title>
<meta http-equiv="Content-Type" content="text/html;charset=utf-8" />
  <meta name='ocr-system' content='tesseract 3.04.00' />
  <meta name='ocr-capabilities' content='ocr_page ocr_carea ocr_par ocr_line ocrx_word'/>
</head>
<body>
  <div class='ocr_page' id='page_1' title='image "./lexiconquintilia06bonnuoft_0556.png"; bbox 0 0 1728 3002; ppageno 0'>
   <div class='ocr_carea' id='block_1_1' title="bbox 1655 253 1728 1673">
    <p class='ocr_par' dir='ltr' id='par_1_1' title="bbox 1655 253 1728 1673">
     <span class='ocr_line' id='line_1_1' title="bbox 1655 253 1728 414; baseline 0 -100"><span class='ocrx_word' id='word_1_1' title='bbox 1655 253 1728 414; x_wconf 95' lang='lat' dir='ltr'><strong>   </strong></span> 
     </span>
     <span class='ocr_line' id='line_1_2' title="bbox 1700 414 1728 500; baseline 0.036 -47"><span class='ocrx_word' id='word_1_2' title='bbox 1700 414 1728 500; x_wconf 95' lang='lat' dir='ltr'><strong>    </strong></span> 
     </span>
     <span class='ocr_line' id='line_1_3' title="bbox 1705 500 1728 596; baseline 0.522 -54"><span class='ocrx_word' id='word_1_3' title='bbox 1705 500 1728 596; x_wconf 95' lang='lat' dir='ltr'><strong>   </strong></span> 
     </span>
     <span class='ocr_line' id='line_1_4' title="bbox 1698 596 1728 690; baseline 0 -48"><span class='ocrx_word' id='word_1_4' title='bbox 1698 596 1728 690; x_wconf 95' lang='lat' dir='ltr'><strong>  </strong></span> 
     </span>
     <span class='ocr_line' id='line_1_5' title="bbox 1688 690 1728 742; baseline 0 2260"><span class='ocrx_word' id='word_1_5' title='bbox 1688 690 1728 742; x_wconf 95' lang='lat' dir='ltr'><strong> </strong></span> 
     </span>
     <span class='ocr_line' id='line_1_6' title="bbox 1704 742 1728 806; baseline 0 2196"><span class='ocrx_word' id='word_1_6' title='bbox 1704 742 1728 806; x_wconf 95' lang='lat' dir='ltr'><strong> </strong></span> 
     </span>
     <span class='ocr_line' id='line_1_7' title="bbox 1698 806 1728 881; baseline 0 -46"><span class='ocrx_word' id='word_1_7' title='bbox 1698 806 1728 881; x_wconf 95' lang='lat' dir='ltr'><strong>  </strong></span> 
     </span>
     <span class='ocr_line' id='line_1_8' title="bbox 1697 881 1728 973; baseline 0 -49"><span class='ocrx_word' id='word_1_8' title='bbox 1697 881 1728 973; x_wconf 95' lang='lat' dir='ltr'><strong>  </strong></span> 
     </span>
     <span class='ocr_line' id='line_1_9' title="bbox 1698 973 1728 1111; baseline 0.067 -46"><span class='ocrx_word' id='word_1_9' title='bbox 1698 973 1728 1111; x_wconf 95' lang='lat' dir='ltr'><strong>     </strong></span> 
     </span>
     <span class='ocr_line' id='line_1_10' title="bbox 1714 1111 1728 1156; baseline 0 1846"><span class='ocrx_word' id='word_1_10' title='bbox 1714 1111 1728 1156; x_wconf 95' lang='lat' dir='ltr'><strong> </strong></span> 
     </span>
     <span class='ocr_line' id='line_1_11' title="bbox 1704 1156 1728 1317; baseline 0 0"><span class='ocrx_word' id='word_1_11' title='bbox 1704 1156 1728 1317; x_wconf 95' lang='lat' dir='ltr'><strong>  </strong></span> 
     </span>
     <span class='ocr_line' id='line_1_12' title="bbox 1680 1393 1728 1593; baseline 0.021 -49"><span class='ocrx_word' id='word_1_12' title='bbox 1680 1393 1728 1593; x_wconf 95' lang='lat' dir='ltr'><strong>     </strong></span> 
     </span>
     <span class='ocr_line' id='line_1_13' title="bbox 1687 1593 1728 1673; baseline 0 -29"><span class='ocrx_word' id='word_1_13' title='bbox 1687 1593 1728 1673; x_wconf 95' lang='lat' dir='ltr'><strong>  </strong></span> 
     </span>
    </p>
   </div>
   <div class='ocr_carea' id='block_1_2' title="bbox 187 174 1199 222">
    <p class='ocr_par' dir='ltr' id='par_1_2' title="bbox 187 174 1199 222">
     <span class='ocr_line' id='line_1_14' title="bbox 187 174 1199 222; baseline 0.005 -5"><span class='ocrx_word' id='word_1_14' title='bbox 187 174 272 218; x_wconf 82' lang='lat'><strong>464</strong></span> <span class='ocrx_word' id='word_1_15' title='bbox 706 175 732 217; x_wconf 85' lang='lat' dir='ltr'>J</span> <span class='ocrx_word' id='word_1_16' title='bbox 735 176 844 219; x_wconf 86' lang='lat' dir='ltr'><strong>ubeo</strong></span> <span class='ocrx_word' id='word_1_17' title='bbox 884 201 939 210; x_wconf 88' lang='lat'><strong>—-</strong></span> <span class='ocrx_word' id='word_1_18' title='bbox 979 177 1004 219; x_wconf 87' lang='lat' dir='ltr'>J</span> <span class='ocrx_word' id='word_1_19' title='bbox 1010 193 1116 221; x_wconf 87' lang='lat' dir='ltr'><strong>ucun</strong></span> <span class='ocrx_word' id='word_1_20' title='bbox 1123 181 1145 221; x_wconf 88' lang='lat' dir='ltr'><strong>d</strong></span> <span class='ocrx_word' id='word_1_21' title='bbox 1152 195 1199 222; x_wconf 82' lang='lat' dir='ltr'><strong>us</strong></span> 
     </span>
    </p>
   </div>
   <div class='ocr_carea' id='block_1_3' title="bbox 180 290 1715 1179">
    <p class='ocr_par' dir='ltr' id='par_1_3' title="bbox 180 290 1715 1179">
     <span class='ocr_line' id='line_1_15' title="bbox 231 290 1655 344; baseline 0.006 -19"><span class='ocrx_word' id='word_1_22' title='bbox 231 290 332 326; x_wconf 83' lang='lat' dir='ltr'><strong>risu</strong></span> <span class='ocrx_word' id='word_1_23' title='bbox 359 294 440 326; x_wconf 84' lang='lat' dir='ltr'><strong>sunt</strong></span> <span class='ocrx_word' id='word_1_24' title='bbox 464 298 499 326; x_wconf 85' lang='lat' dir='ltr'><strong>et</strong></span> <span class='ocrx_word' id='word_1_25' title='bbox 527 297 729 337; x_wconf 80' lang='lat' dir='ltr'><strong>opportuno</strong></span> <span class='ocrx_word' id='word_1_26' title='bbox 754 293 998 338; x_wconf 72' lang='lat' dir='ltr'><strong>ioco&#39;elapsi</strong></span> <span class='ocrx_word' id='word_1_27' title='bbox 1021 295 1054 331; x_wconf 80' lang='lat'><strong>6,</strong></span> <span class='ocrx_word' id='word_1_28' title='bbox 1081 298 1114 336; x_wconf 81' lang='lat'><strong>3,</strong></span> <span class='ocrx_word' id='word_1_29' title='bbox 1154 297 1208 329; x_wconf 84' lang='lat'><strong>10.</strong></span> <span class='ocrx_word' id='word_1_30' title='bbox 1256 291 1329 330; x_wconf 82' lang='lat' dir='ltr'><strong>non</strong></span> <span class='ocrx_word' id='word_1_31' title='bbox 1362 294 1408 331; x_wconf 85' lang='lat' dir='ltr'><strong>in</strong></span> <span class='ocrx_word' id='word_1_32' title='bbox 1442 297 1548 342; x_wconf 80' lang='lat' dir='ltr'><strong>joco</strong></span> <span class='ocrx_word' id='word_1_33' title='bbox 1585 310 1655 344; x_wconf 84' lang='lat' dir='ltr'><strong>exp</strong></span> 
     </span>
     <span class='ocr_line' id='line_1_16' title="bbox 230 339 1695 389; baseline 0.005 -17"><span class='ocrx_word' id='word_1_34' title='bbox 230 339 366 372; x_wconf 87' lang='lat' dir='ltr'><strong>branda</strong></span> <span class='ocrx_word' id='word_1_35' title='bbox 393 345 446 373; x_wconf 91' lang='lat' dir='ltr'><strong>est</strong></span> <span class='ocrx_word' id='word_1_36' title='bbox 469 339 694 382; x_wconf 71' lang='lat' dir='ltr'><strong>(obscenitas)</strong></span> <span class='ocrx_word' id='word_1_37' title='bbox 718 341 752 383; x_wconf 91' lang='lat'><strong>6,</strong></span> <span class='ocrx_word' id='word_1_38' title='bbox 776 341 812 383; x_wconf 90' lang='lat'><strong>3,</strong></span> <span class='ocrx_word' id='word_1_39' title='bbox 839 340 904 383; x_wconf 79' lang='lat'><strong>293</strong></span> <span class='ocrx_word' id='word_1_40' title='bbox 930 352 1012 384; x_wconf 88' lang='lat' dir='ltr'><strong>per</strong></span> <span class='ocrx_word' id='word_1_41' title='bbox 1039 341 1194 384; x_wconf 87' lang='lat' dir='ltr'><strong>jocum</strong></span> <span class='ocrx_word' id='word_1_42' title='bbox 1219 347 1360 389; x_wconf 66' lang='lat' dir='ltr'><strong>tentans</strong></span> <span class='ocrx_word' id='word_1_43' title='bbox 1384 349 1505 378; x_wconf 78' lang='lat' dir='ltr'><strong>tamen</strong></span> <span class='ocrx_word' id='word_1_44' title='bbox 1528 346 1620 388; x_wconf 87' lang='lat' dir='ltr'><strong>joci</strong></span> <span class='ocrx_word' id='word_1_45' title='bbox 1644 357 1695 379; x_wconf 87' lang='lat' dir='ltr'><strong>su</strong></span> 
     </span>
     <span class='ocr_line' id='line_1_17' title="bbox 230 383 1700 435; baseline 0.005 -17"><span class='ocrx_word' id='word_1_46' title='bbox 230 392 399 419; x_wconf 83' lang='lat' dir='ltr'><strong>eventum</strong></span> <span class='ocrx_word' id='word_1_47' title='bbox 417 386 459 418; x_wconf 78' lang='lat' dir='ltr'><strong>ib.</strong></span> <span class='ocrx_word' id='word_1_48' title='bbox 479 386 536 420; x_wconf 89' lang='grc'><strong>79.</strong></span> <span class='ocrx_word' id='word_1_49' title='bbox 566 388 608 430; x_wconf 79' lang='grc' dir='ltr'><strong>β)</strong></span> <span class='ocrx_word' id='word_1_50' title='bbox 636 389 726 419; x_wconf 83' lang='lat' dir='ltr'><strong>Plur.</strong></span> <span class='ocrx_word' id='word_1_51' title='bbox 741 400 751 419; x_wconf 87' lang='lat'><strong>.·</strong></span> <span class='ocrx_word' id='word_1_52' title='bbox 780 383 886 433; x_wconf 86' lang='lat' dir='ltr'><strong>[grati</strong></span> <span class='ocrx_word' id='word_1_53' title='bbox 906 386 1026 420; x_wconf 83' lang='lat' dir='ltr'><strong>idiotis</strong></span> <span class='ocrx_word' id='word_1_54' title='bbox 1049 387 1140 430; x_wconf 85' lang='lat' dir='ltr'><strong>joci</strong></span> <span class='ocrx_word' id='word_1_55' title='bbox 1167 389 1204 431; x_wconf 88' lang='grc'><strong>8,</strong></span> <span class='ocrx_word' id='word_1_56' title='bbox 1229 390 1264 431; x_wconf 88' lang='grc'><strong>3,</strong></span> <span class='ocrx_word' id='word_1_57' title='bbox 1288 391 1334 422; x_wconf 86' lang='grc'><strong>22</strong></span> <span class='ocrx_word' id='word_1_58' title='bbox 1352 401 1384 424; x_wconf 78' lang='lat' dir='ltr'><strong>v.</strong></span> <span class='ocrx_word' id='word_1_59' title='bbox 1409 389 1594 434; x_wconf 64' lang='lat' dir='ltr'><strong>{diota}</strong></span> <span class='ocrx_word' id='word_1_60' title='bbox 1617 392 1700 435; x_wconf 79' lang='lat' dir='ltr'><strong>joco</strong></span> 
     </span>
     <span class='ocr_line' id='line_1_18' title="bbox 229 430 1692 477; baseline 0.005 -14"><span class='ocrx_word' id='word_1_61' title='bbox 229 441 309 464; x_wconf 87' lang='lat' dir='ltr'><strong>rum</strong></span> <span class='ocrx_word' id='word_1_62' title='bbox 333 430 479 465; x_wconf 81' lang='lat' dir='ltr'><strong>materia</strong></span> <span class='ocrx_word' id='word_1_63' title='bbox 505 431 539 473; x_wconf 88' lang='lat'><strong>5,</strong></span> <span class='ocrx_word' id='word_1_64' title='bbox 567 434 624 474; x_wconf 90' lang='lat'><strong>10,</strong></span> <span class='ocrx_word' id='word_1_65' title='bbox 641 433 698 466; x_wconf 86' lang='lat'><strong>31.</strong></span> <span class='ocrx_word' id='word_1_66' title='bbox 717 438 846 476; x_wconf 86' lang='lat' dir='ltr'><strong>quanta</strong></span> <span class='ocrx_word' id='word_1_67' title='bbox 861 432 996 476; x_wconf 88' lang='lat' dir='ltr'><strong>injocis</strong></span> <span class='ocrx_word' id='word_1_68' title='bbox 1018 434 1196 467; x_wconf 87' lang='lat' dir='ltr'><strong>urbanitas</strong></span> <span class='ocrx_word' id='word_1_69' title='bbox 1207 436 1316 477; x_wconf 80' lang='lat'><strong>2,5,8</strong></span> <span class='ocrx_word' id='word_1_70' title='bbox 1337 435 1387 468; x_wconf 82' lang='lat' dir='ltr'><strong>de</strong></span> <span class='ocrx_word' id='word_1_71' title='bbox 1402 435 1565 471; x_wconf 81' lang='lat' dir='ltr'>Pollione</span> <span class='ocrx_word' id='word_1_72' title='bbox 1587 437 1692 471; x_wconf 83' lang='lat' dir='ltr'>Asini</span> 
     </span>
     <span class='ocr_line' id='line_1_19' title="bbox 230 477 1704 526; baseline 0.004 -16"><span class='ocrx_word' id='word_1_73' title='bbox 230 477 371 511; x_wconf 86' lang='lat' dir='ltr'><strong>seriis</strong></span> <span class='ocrx_word' id='word_1_74' title='bbox 391 477 482 520; x_wconf 81' lang='lat' dir='ltr'><strong>joci</strong></span> <span class='ocrx_word' id='word_1_75' title='bbox 496 489 511 510; x_wconf 88' lang='lat' dir='ltr'><strong>s</strong></span> <span class='ocrx_word' id='word_1_76' title='bbox 529 489 598 521; x_wconf 86' lang='lat' dir='ltr'><strong>qne</strong></span> <span class='ocrx_word' id='word_1_77' title='bbox 612 478 744 522; x_wconf 88' lang='lat' dir='ltr'><strong>pariter</strong></span> <span class='ocrx_word' id='word_1_78' title='bbox 763 480 1030 513; x_wconf 84' lang='lat' dir='ltr'><strong>accommodato</strong></span> <span class='ocrx_word' id='word_1_79' title='bbox 1043 480 1121 524; x_wconf 85' lang='lat'><strong>6,3,</strong></span> <span class='ocrx_word' id='word_1_80' title='bbox 1134 482 1211 514; x_wconf 87' lang='lat'><strong>110.</strong></span> <span class='ocrx_word' id='word_1_81' title='bbox 1223 491 1291 515; x_wconf 90' lang='lat' dir='ltr'><strong>nec</strong></span> <span class='ocrx_word' id='word_1_82' title='bbox 1314 481 1360 524; x_wconf 87' lang='lat' dir='ltr'><strong>jo</strong></span> <span class='ocrx_word' id='word_1_83' title='bbox 1374 481 1438 515; x_wconf 88' lang='lat' dir='ltr'><strong>cis</strong></span> <span class='ocrx_word' id='word_1_84' title='bbox 1456 482 1631 526; x_wconf 81' lang='lat' dir='ltr'><strong>lacrimas,</strong></span> <span class='ocrx_word' id='word_1_85' title='bbox 1655 485 1704 522; x_wconf 78' lang='lat' dir='ltr'><strong>ub</strong></span> 
     </span>
     <span class='ocr_line' id='line_1_20' title="bbox 229 523 1704 572; baseline 0.006 -16"><span class='ocrx_word' id='word_1_86' title='bbox 229 532 319 566; x_wconf 87' lang='lat' dir='ltr'><strong>opus</strong></span> <span class='ocrx_word' id='word_1_87' title='bbox 345 525 412 557; x_wconf 86' lang='lat' dir='ltr'><strong>erit</strong></span> <span class='ocrx_word' id='word_1_88' title='bbox 439 523 780 567; x_wconf 86' lang='lat' dir='ltr'><strong>miseratione,</strong></span> <span class='ocrx_word' id='word_1_89' title='bbox 815 524 976 559; x_wconf 82' lang='lat' dir='ltr'>dabimus</span> <span class='ocrx_word' id='word_1_90' title='bbox 1010 528 1064 568; x_wconf 88' lang='lat'><strong>11,</strong></span> <span class='ocrx_word' id='word_1_91' title='bbox 1093 529 1123 568; x_wconf 91' lang='grc'><strong>1,</strong></span> <span class='ocrx_word' id='word_1_92' title='bbox 1151 527 1185 562; x_wconf 94' lang='lat'><strong>6.</strong></span> <span class='ocrx_word' id='word_1_93' title='bbox 1231 527 1332 569; x_wconf 83' lang='lat' dir='ltr'><strong>iocos</strong></span> <span class='ocrx_word' id='word_1_94' title='bbox 1359 527 1519 562; x_wconf 86' lang='lat' dir='ltr'><strong>inserere</strong></span> <span class='ocrx_word' id='word_1_95' title='bbox 1539 531 1574 570; x_wconf 89' lang='grc'><strong>2,</strong></span> <span class='ocrx_word' id='word_1_96' title='bbox 1600 532 1655 572; x_wconf 92' lang='grc'><strong>10,</strong></span> <span class='ocrx_word' id='word_1_97' title='bbox 1680 531 1704 565; x_wconf 88' lang='grc'><strong>9</strong></span> 
     </span>
     <span class='ocr_line' id='line_1_21' title="bbox 224 570 1706 618; baseline 0.005 -18"><span class='ocrx_word' id='word_1_98' title='bbox 224 579 322 604; x_wconf 88' lang='lat' dir='ltr'><strong>nova</strong></span> <span class='ocrx_word' id='word_1_99' title='bbox 347 588 391 596; x_wconf 78' lang='lat'><strong>--</strong></span> <span class='ocrx_word' id='word_1_100' title='bbox 415 570 597 613; x_wconf 88' lang='lat' dir='ltr'><strong>repudiata</strong></span> <span class='ocrx_word' id='word_1_101' title='bbox 620 570 725 604; x_wconf 87' lang='lat' dir='ltr'><strong>etiam</strong></span> <span class='ocrx_word' id='word_1_102' title='bbox 756 571 795 604; x_wconf 90' lang='lat' dir='ltr'><strong>in</strong></span> <span class='ocrx_word' id='word_1_103' title='bbox 817 571 918 615; x_wconf 87' lang='lat' dir='ltr'><strong>jocos</strong></span> <span class='ocrx_word' id='word_1_104' title='bbox 941 577 1075 605; x_wconf 83' lang='lat' dir='ltr'><strong>exeunt</strong></span> <span class='ocrx_word' id='word_1_105' title='bbox 1100 575 1132 615; x_wconf 87' lang='lat'><strong>1,</strong></span> <span class='ocrx_word' id='word_1_106' title='bbox 1158 574 1192 615; x_wconf 86' lang='lat'><strong>5,</strong></span> <span class='ocrx_word' id='word_1_107' title='bbox 1215 575 1275 607; x_wconf 91' lang='lat'><strong>71.</strong></span> <span class='ocrx_word' id='word_1_108' title='bbox 1321 583 1394 607; x_wconf 88' lang='lat' dir='ltr'><strong>non</strong></span> <span class='ocrx_word' id='word_1_109' title='bbox 1419 573 1641 618; x_wconf 81' lang='lat' dir='ltr'><strong>displicuisse</strong></span> <span class='ocrx_word' id='word_1_110' title='bbox 1666 574 1706 608; x_wconf 91' lang='lat' dir='ltr'><strong>ill</strong></span> 
     </span>
     <span class='ocr_line' id='line_1_22' title="bbox 227 615 1697 665; baseline 0.005 -17"><span class='ocrx_word' id='word_1_111' title='bbox 227 615 447 657; x_wconf 79' lang='lat' dir='ltr'><strong>(Demosth.)</strong></span> <span class='ocrx_word' id='word_1_112' title='bbox 470 617 592 660; x_wconf 83' lang='lat' dir='ltr'><strong>jocos,</strong></span> <span class='ocrx_word' id='word_1_113' title='bbox 618 617 681 650; x_wconf 89' lang='lat' dir='ltr'><strong>sed</strong></span> <span class='ocrx_word' id='word_1_114' title='bbox 705 627 778 650; x_wconf 89' lang='lat' dir='ltr'><strong>non</strong></span> <span class='ocrx_word' id='word_1_115' title='bbox 804 617 996 664; x_wconf 78' lang='lat' dir='ltr'><strong>contigisse</strong></span> <span class='ocrx_word' id='word_1_116' title='bbox 1017 619 1052 661; x_wconf 88' lang='grc'><strong>6,</strong></span> <span class='ocrx_word' id='word_1_117' title='bbox 1076 619 1111 661; x_wconf 88' lang='grc'><strong>3,</strong></span> <span class='ocrx_word' id='word_1_118' title='bbox 1137 620 1177 661; x_wconf 79' lang='lat'><strong>23</strong></span> <span class='ocrx_word' id='word_1_119' title='bbox 1227 619 1322 663; x_wconf 89' lang='lat' dir='ltr'><strong>quod</strong></span> <span class='ocrx_word' id='word_1_120' title='bbox 1346 619 1453 654; x_wconf 87' lang='lat' dir='ltr'><strong>etiam</strong></span> <span class='ocrx_word' id='word_1_121' title='bbox 1475 620 1627 665; x_wconf 77' lang='lat' dir='ltr'><strong>in&#39;jocis</strong></span> <span class='ocrx_word' id='word_1_122' title='bbox 1649 621 1697 655; x_wconf 76' lang='lat' dir='ltr'><strong>fri</strong></span> 
     </span>
     <span class='ocr_line' id='line_1_23' title="bbox 227 662 1354 708; baseline 0.005 -14"><span class='ocrx_word' id='word_1_123' title='bbox 227 662 347 706; x_wconf 78' lang='lat' dir='ltr'><strong>gidum</strong></span> <span class='ocrx_word' id='word_1_124' title='bbox 370 663 404 705; x_wconf 89' lang='lat'><strong>9,</strong></span> <span class='ocrx_word' id='word_1_125' title='bbox 429 664 463 704; x_wconf 87' lang='grc'><strong>3,</strong></span> <span class='ocrx_word' id='word_1_126' title='bbox 487 663 543 698; x_wconf 88' lang='grc'><strong>69.</strong></span> <span class='ocrx_word' id='word_1_127' title='bbox 592 662 678 696; x_wconf 87' lang='lat' dir='ltr'><strong>illud</strong></span> <span class='ocrx_word' id='word_1_128' title='bbox 705 663 820 697; x_wconf 54' lang='lat' dir='ltr'><strong>etiam*</strong></span> <span class='ocrx_word' id='word_1_129' title='bbox 832 663 871 697; x_wconf 89' lang='lat' dir='ltr'><strong>in</strong></span> <span class='ocrx_word' id='word_1_130' title='bbox 893 663 984 707; x_wconf 87' lang='lat' dir='ltr'><strong>jocis</strong></span> <span class='ocrx_word' id='word_1_131' title='bbox 1008 663 1132 698; x_wconf 88' lang='lat' dir='ltr'><strong>monui</strong></span> <span class='ocrx_word' id='word_1_132' title='bbox 1157 666 1213 708; x_wconf 90' lang='lat'><strong>11,</strong></span> <span class='ocrx_word' id='word_1_133' title='bbox 1238 669 1271 708; x_wconf 90' lang='lat'><strong>1,</strong></span> <span class='ocrx_word' id='word_1_134' title='bbox 1298 666 1354 700; x_wconf 86' lang='grc'><strong>86.</strong></span> 
     </span>
     <span class='ocr_line' id='line_1_24' title="bbox 180 704 1711 772; baseline 0.004 -21"><span class='ocrx_word' id='word_1_135' title='bbox 180 704 355 772; x_wconf 44' lang='grc' dir='ltr'><strong>ΙΙΙ-ΒΕΘ..</strong></span> <span class='ocrx_word' id='word_1_136' title='bbox 377 720 756 772; x_wconf 41' lang='lat' dir='ltr'><strong>paulum-superiores</strong></span> <span class='ocrx_word' id='word_1_137' title='bbox 797 721 903 755; x_wconf 86' lang='lat' dir='ltr'><strong>etiam</strong></span> <span class='ocrx_word' id='word_1_138' title='bbox 936 720 1045 764; x_wconf 89' lang='lat' dir='ltr'><strong>illud,</strong></span> <span class='ocrx_word' id='word_1_139' title='bbox 1080 722 1175 765; x_wconf 88' lang='lat' dir='ltr'><strong>quod</strong></span> <span class='ocrx_word' id='word_1_140' title='bbox 1206 732 1274 756; x_wconf 86' lang='lat' dir='ltr'><strong>nos</strong></span> <span class='ocrx_word' id='word_1_141' title='bbox 1311 721 1453 769; x_wconf 86' lang='lat' dir='ltr'><strong>gemina</strong></span> <span class='ocrx_word' id='word_1_142' title='bbox 1490 719 1518 757; x_wconf 81' lang='lat' dir='ltr'><strong><em>S</em></strong></span> <span class='ocrx_word' id='word_1_143' title='bbox 1554 721 1711 757; x_wconf 67' lang='lat' dir='ltr'><strong>dicimu‘</strong></span> 
     </span>
     <span class='ocr_line' id='line_1_25' title="bbox 225 766 1715 812; baseline 0.005 -14"><span class='ocrx_word' id='word_1_144' title='bbox 225 776 329 809; x_wconf 82' lang='lat' dir='ltr'><strong>Juss</strong></span> <span class='ocrx_word' id='word_1_145' title='bbox 345 777 378 808; x_wconf 89' lang='lat'><strong>1,</strong></span> <span class='ocrx_word' id='word_1_146' title='bbox 411 778 482 799; x_wconf 84' lang='lat' dir='ltr'><strong>una</strong></span> <span class='ocrx_word' id='word_1_147' title='bbox 508 767 677 800; x_wconf 81' lang='lat' dir='ltr'><strong>dixerunt</strong></span> <span class='ocrx_word' id='word_1_148' title='bbox 701 769 734 810; x_wconf 89' lang='lat'><strong>1,</strong></span> <span class='ocrx_word' id='word_1_149' title='bbox 762 770 796 810; x_wconf 88' lang='lat'><strong>7,</strong></span> <span class='ocrx_word' id='word_1_150' title='bbox 822 771 886 809; x_wconf 81' lang='lat'><strong>213</strong></span> <span class='ocrx_word' id='word_1_151' title='bbox 918 769 979 801; x_wconf 80' lang='lat' dir='ltr'><strong>lex</strong></span> <span class='ocrx_word' id='word_1_152' title='bbox 1001 768 1115 802; x_wconf 84' lang='lat' dir='ltr'><strong>omnis</strong></span> <span class='ocrx_word' id='word_1_153' title='bbox 1139 772 1198 801; x_wconf 83' lang='lat' dir='ltr'><strong>aut</strong></span> <span class='ocrx_word' id='word_1_154' title='bbox 1219 769 1358 812; x_wconf 88' lang='lat' dir='ltr'><strong>jubet</strong></span> <span class='ocrx_word' id='word_1_155' title='bbox 1382 766 1444 803; x_wconf 81' lang='lat' dir='ltr'><strong>aut&#39;</strong></span> <span class='ocrx_word' id='word_1_156' title='bbox 1466 774 1596 804; x_wconf 82' lang='lat' dir='ltr'><strong>vetat</strong></span> <span class='ocrx_word' id='word_1_157' title='bbox 1619 773 1655 812; x_wconf 91' lang='lat'><strong>7,</strong></span> <span class='ocrx_word' id='word_1_158' title='bbox 1682 770 1715 804; x_wconf 70' lang='lat'><strong>5⁵</strong></span> 
     </span>
     <span class='ocr_line' id='line_1_26' title="bbox 226 811 1698 858; baseline 0.002 -12"><span class='ocrx_word' id='word_1_159' title='bbox 226 811 260 846; x_wconf 89' lang='lat'><strong>5.</strong></span> <span class='ocrx_word' id='word_1_160' title='bbox 307 823 412 855; x_wconf 83' lang='lat' dir='ltr'><strong>quem</strong></span> <span class='ocrx_word' id='word_1_161' title='bbox 435 813 497 846; x_wconf 88' lang='lat' dir='ltr'><strong>lex</strong></span> <span class='ocrx_word' id='word_1_162' title='bbox 524 813 660 847; x_wconf 91' lang='lat' dir='ltr'><strong>servire</strong></span> <span class='ocrx_word' id='word_1_163' title='bbox 687 814 785 857; x_wconf 89' lang='lat' dir='ltr'><strong>jubet</strong></span> <span class='ocrx_word' id='word_1_164' title='bbox 807 817 842 856; x_wconf 91' lang='lat'><strong>7,</strong></span> <span class='ocrx_word' id='word_1_165' title='bbox 869 815 902 856; x_wconf 82' lang='lat'><strong>3,</strong></span> <span class='ocrx_word' id='word_1_166' title='bbox 926 815 984 848; x_wconf 84' lang='lat'><strong>26.</strong></span> <span class='ocrx_word' id='word_1_167' title='bbox 1011 813 1055 855; x_wconf 83' lang='lat' dir='ltr'><strong>cf.</strong></span> <span class='ocrx_word' id='word_1_168' title='bbox 1079 817 1113 857; x_wconf 90' lang='lat'><strong>7,</strong></span> <span class='ocrx_word' id='word_1_169' title='bbox 1148 816 1182 856; x_wconf 85' lang='lat'><strong>1,</strong></span> <span class='ocrx_word' id='word_1_170' title='bbox 1217 813 1274 849; x_wconf 87' lang='grc'><strong>47.</strong></span> <span class='ocrx_word' id='word_1_171' title='bbox 1325 814 1385 858; x_wconf 87' lang='lat' dir='ltr'><strong>qui</strong></span> <span class='ocrx_word' id='word_1_172' title='bbox 1426 815 1550 848; x_wconf 88' lang='lat' dir='ltr'><strong>doceri</strong></span> <span class='ocrx_word' id='word_1_173' title='bbox 1583 814 1698 849; x_wconf 84' lang='lat' dir='ltr'><strong>amico</strong></span> 
     </span>
     <span class='ocr_line' id='line_1_27' title="bbox 224 859 1679 904; baseline 0.003 -14"><span class='ocrx_word' id='word_1_174' title='bbox 224 867 309 891; x_wconf 88' lang='lat' dir='ltr'><strong>suos</strong></span> <span class='ocrx_word' id='word_1_175' title='bbox 337 859 460 901; x_wconf 76' lang='lat' dir='ltr'><strong>jubent</strong></span> <span class='ocrx_word' id='word_1_176' title='bbox 488 861 543 901; x_wconf 85' lang='lat'><strong>12,</strong></span> <span class='ocrx_word' id='word_1_177' title='bbox 571 860 606 902; x_wconf 92' lang='grc'><strong>8,</strong></span> <span class='ocrx_word' id='word_1_178' title='bbox 631 859 665 893; x_wconf 79' lang='grc'><strong>4.</strong></span> <span class='ocrx_word' id='word_1_179' title='bbox 713 865 924 893; x_wconf 86' lang='lat' dir='ltr'><strong>testamento</strong></span> <span class='ocrx_word' id='word_1_180' title='bbox 950 859 1092 903; x_wconf 85' lang='lat' dir='ltr'><strong>quidam</strong></span> <span class='ocrx_word' id='word_1_181' title='bbox 1117 859 1238 904; x_wconf 70' lang='lat' dir='ltr'><strong>jusSit,</strong></span> <span class='ocrx_word' id='word_1_182' title='bbox 1280 860 1367 904; x_wconf 85' lang='lat' dir='ltr'><strong>poni</strong></span> <span class='ocrx_word' id='word_1_183' title='bbox 1399 865 1548 894; x_wconf 83' lang='lat' dir='ltr'><strong>statuam</strong></span> <span class='ocrx_word' id='word_1_184' title='bbox 1572 872 1679 895; x_wconf 86' lang='lat' dir='ltr'><strong>aurea</strong></span> 
     </span>
     <span class='ocr_line' id='line_1_28' title="bbox 222 904 1697 952; baseline 0.002 -16"><span class='ocrx_word' id='word_1_185' title='bbox 222 904 359 937; x_wconf 77' lang='lat' dir='ltr'><strong>hastam</strong></span> <span class='ocrx_word' id='word_1_186' title='bbox 383 910 564 939; x_wconf 84' lang='lat' dir='ltr'><strong>tenentem</strong></span> <span class='ocrx_word' id='word_1_187' title='bbox 587 909 622 948; x_wconf 87' lang='lat'><strong>7,</strong></span> <span class='ocrx_word' id='word_1_188' title='bbox 647 908 681 948; x_wconf 95' lang='lat'><strong>9,</strong></span> <span class='ocrx_word' id='word_1_189' title='bbox 706 907 741 940; x_wconf 86' lang='grc'><strong>8.</strong></span> <span class='ocrx_word' id='word_1_190' title='bbox 778 917 858 939; x_wconf 87' lang='lat' dir='ltr'><strong>cum</strong></span> <span class='ocrx_word' id='word_1_191' title='bbox 880 906 989 947; x_wconf 78' lang='lat' dir='ltr'><strong>iudex</strong></span> <span class='ocrx_word' id='word_1_192' title='bbox 1013 906 1049 939; x_wconf 87' lang='lat' dir='ltr'><strong>iu</strong></span> <span class='ocrx_word' id='word_1_193' title='bbox 1074 905 1222 950; x_wconf 84' lang='lat' dir='ltr'><strong>privatis</strong></span> <span class='ocrx_word' id='word_1_194' title='bbox 1247 906 1410 940; x_wconf 79' lang='lat' dir='ltr'><strong>dicere</strong></span> <span class='ocrx_word' id='word_1_195' title='bbox 1436 907 1480 939; x_wconf 91' lang='lat' dir='ltr'><strong>de</strong></span> <span class='ocrx_word' id='word_1_196' title='bbox 1508 917 1614 940; x_wconf 82' lang='lat' dir='ltr'><strong>causa</strong></span> <span class='ocrx_word' id='word_1_197' title='bbox 1641 907 1697 952; x_wconf 73' lang='lat' dir='ltr'><strong>jus</strong></span> 
     </span>
     <span class='ocr_line' id='line_1_29' title="bbox 222 950 1691 997; baseline 0.002 -14"><span class='ocrx_word' id='word_1_198' title='bbox 222 950 309 983; x_wconf 89' lang='lat' dir='ltr'><strong>serit</strong></span> <span class='ocrx_word' id='word_1_199' title='bbox 334 953 390 994; x_wconf 92' lang='lat'><strong>11,</strong></span> <span class='ocrx_word' id='word_1_200' title='bbox 415 953 451 994; x_wconf 89' lang='grc'><strong>3,</strong></span> <span class='ocrx_word' id='word_1_201' title='bbox 477 952 564 994; x_wconf 70' lang='grc'><strong>156,</strong></span> <span class='ocrx_word' id='word_1_202' title='bbox 600 957 733 996; x_wconf 82' lang='lat' dir='ltr'><strong>partem</strong></span> <span class='ocrx_word' id='word_1_203' title='bbox 770 952 814 985; x_wconf 85' lang='lat' dir='ltr'><strong>ab</strong></span> <span class='ocrx_word' id='word_1_204' title='bbox 838 951 882 985; x_wconf 89' lang='lat' dir='ltr'><strong>iis</strong></span> <span class='ocrx_word' id='word_1_205' title='bbox 914 959 1036 995; x_wconf 78' lang='lat' dir='ltr'><strong>petere</strong></span> <span class='ocrx_word' id='word_1_206' title='bbox 1070 953 1257 995; x_wconf 84' lang='lat' dir='ltr'><strong>jubebatur</strong></span> <span class='ocrx_word' id='word_1_207' title='bbox 1280 955 1342 996; x_wconf 91' lang='lat'><strong>11,</strong></span> <span class='ocrx_word' id='word_1_208' title='bbox 1371 955 1413 995; x_wconf 88' lang='grc'><strong>2,</strong></span> <span class='ocrx_word' id='word_1_209' title='bbox 1450 954 1507 987; x_wconf 84' lang='grc'><strong>11.</strong></span> <span class='ocrx_word' id='word_1_210' title='bbox 1540 951 1619 995; x_wconf 61' lang='lat' dir='ltr'><strong>ea,</strong></span> <span class='ocrx_word' id='word_1_211' title='bbox 1645 963 1691 997; x_wconf 87' lang='lat' dir='ltr'><strong>qu</strong></span> 
     </span>
     <span class='ocr_line' id='line_1_30' title="bbox 220 996 1698 1042; baseline 0.003 -14"><span class='ocrx_word' id='word_1_212' title='bbox 220 996 401 1039; x_wconf 85' lang='lat' dir='ltr'><strong>jubentur,</strong></span> <span class='ocrx_word' id='word_1_213' title='bbox 426 998 616 1031; x_wconf 72' lang='lat' dir='ltr'><strong>decurrere</strong></span> <span class='ocrx_word' id='word_1_214' title='bbox 649 1000 702 1040; x_wconf 85' lang='lat'><strong>10,</strong></span> <span class='ocrx_word' id='word_1_215' title='bbox 728 1001 763 1040; x_wconf 91' lang='grc'><strong>7,</strong></span> <span class='ocrx_word' id='word_1_216' title='bbox 792 1000 847 1032; x_wconf 93' lang='grc'><strong>11.</strong></span> <span class='ocrx_word' id='word_1_217' title='bbox 894 998 953 1042; x_wconf 82' lang='lat' dir='ltr'><strong>qui</strong></span> <span class='ocrx_word' id='word_1_218' title='bbox 978 1003 1187 1032; x_wconf 87' lang='lat' dir='ltr'><strong>testamento</strong></span> <span class='ocrx_word' id='word_1_219' title='bbox 1212 998 1296 1042; x_wconf 85' lang='lat' dir='ltr'><strong>quid</strong></span> <span class='ocrx_word' id='word_1_220' title='bbox 1334 999 1452 1041; x_wconf 84' lang='lat' dir='ltr'><strong>jussus</strong></span> <span class='ocrx_word' id='word_1_221' title='bbox 1482 1009 1555 1032; x_wconf 87' lang='lat' dir='ltr'><strong>non</strong></span> <span class='ocrx_word' id='word_1_222' title='bbox 1587 998 1698 1034; x_wconf 75' lang='lat' dir='ltr'><strong>feceri</strong></span> 
     </span>
     <span class='ocr_line' id='line_1_31' title="bbox 220 1042 1711 1088; baseline 0.001 -12"><span class='ocrx_word' id='word_1_223' title='bbox 220 1045 256 1085; x_wconf 93' lang='lat'><strong>7,</strong></span> <span class='ocrx_word' id='word_1_224' title='bbox 279 1043 315 1086; x_wconf 85' lang='lat'><strong>4,</strong></span> <span class='ocrx_word' id='word_1_225' title='bbox 343 1042 396 1077; x_wconf 87' lang='grc'><strong>14.</strong></span> <span class='ocrx_word' id='word_1_226' title='bbox 447 1044 588 1087; x_wconf 85' lang='lat' dir='ltr'><strong>quidam</strong></span> <span class='ocrx_word' id='word_1_227' title='bbox 614 1049 832 1088; x_wconf 85' lang='lat' dir='ltr'><strong>tanquam</strong></span> <span class='ocrx_word' id='word_1_228' title='bbox 855 1044 971 1088; x_wconf 88' lang='lat' dir='ltr'><strong>jussi</strong></span> <span class='ocrx_word' id='word_1_229' title='bbox 997 1045 1048 1078; x_wconf 85' lang='lat' dir='ltr'><strong>sic</strong></span> <span class='ocrx_word' id='word_1_230' title='bbox 1073 1046 1169 1088; x_wconf 76' lang='lat' dir='ltr'><strong>(Sp.</strong></span> <span class='ocrx_word' id='word_1_231' title='bbox 1193 1044 1281 1086; x_wconf 86' lang='lat' dir='ltr'><strong>om.)</strong></span> <span class='ocrx_word' id='word_1_232' title='bbox 1309 1049 1508 1088; x_wconf 83' lang='lat' dir='ltr'><strong>sequuntur</strong></span> <span class='ocrx_word' id='word_1_233' title='bbox 1530 1047 1566 1087; x_wconf 84' lang='grc'><strong>2,</strong></span> <span class='ocrx_word' id='word_1_234' title='bbox 1592 1046 1658 1087; x_wconf 85' lang='grc'><strong>13,</strong></span> <span class='ocrx_word' id='word_1_235' title='bbox 1679 1046 1711 1078; x_wconf 59' lang='grc'><strong>11</strong></span> 
     </span>
     <span class='ocr_line' id='line_1_32' title="bbox 219 1089 1714 1170; baseline 0.002 -48"><span class='ocrx_word' id='word_1_236' title='bbox 219 1092 290 1167; x_wconf 41' lang='grc' dir='ltr'><strong>ἔς.</strong></span> <span class='ocrx_word' id='word_1_237' title='bbox 311 1100 429 1170; x_wconf 55' lang='lat' dir='ltr'><strong>nque</strong></span> <span class='ocrx_word' id='word_1_238' title='bbox 457 1090 624 1134; x_wconf 79' lang='lat' dir='ltr'><strong>jubente,</strong></span> <span class='ocrx_word' id='word_1_239' title='bbox 649 1101 767 1134; x_wconf 87' lang='lat' dir='ltr'><strong>neque</strong></span> <span class='ocrx_word' id='word_1_240' title='bbox 791 1089 926 1124; x_wconf 83' lang='lat' dir='ltr'><strong>sciente</strong></span> <span class='ocrx_word' id='word_1_241' title='bbox 946 1090 1084 1124; x_wconf 82' lang='lat' dir='ltr'><strong>Milone</strong></span> <span class='ocrx_word' id='word_1_242' title='bbox 1107 1093 1142 1134; x_wconf 87' lang='lat'><strong>7,</strong></span> <span class='ocrx_word' id='word_1_243' title='bbox 1169 1093 1202 1134; x_wconf 91' lang='lat'><strong>1,</strong></span> <span class='ocrx_word' id='word_1_244' title='bbox 1226 1091 1283 1126; x_wconf 87' lang='grc'><strong>36.</strong></span> <span class='ocrx_word' id='word_1_245' title='bbox 1309 1101 1403 1134; x_wconf 88' lang='lat' dir='ltr'><strong>eum,</strong></span> <span class='ocrx_word' id='word_1_246' title='bbox 1428 1101 1480 1124; x_wconf 87' lang='lat' dir='ltr'><strong>se</strong></span> <span class='ocrx_word' id='word_1_247' title='bbox 1503 1090 1714 1134; x_wconf 79' lang='lat' dir='ltr'><strong>jubente,</strong></span> 
     </span>
     <span class='ocr_line' id='line_1_33' title="bbox 238 1138 590 1179; baseline 0.006 -11"><span class='ocrx_word' id='word_1_248' title='bbox 238 1145 351 1169; x_wconf 80' lang='lat' dir='ltr'><strong>ecisse</strong></span> <span class='ocrx_word' id='word_1_249' title='bbox 418 1161 428 1178; x_wconf 90' lang='lat'><strong>,</strong></span> <span class='ocrx_word' id='word_1_250' title='bbox 460 1139 503 1179; x_wconf 89' lang='grc'><strong>2,</strong></span> <span class='ocrx_word' id='word_1_251' title='bbox 532 1138 590 1170; x_wconf 87' lang='grc'><strong>88.</strong></span> 
     </span>
    </p>
   </div>
   <div class='ocr_carea' id='block_1_4' title="bbox 174 1171 1367 1238">
    <p class='ocr_par' dir='ltr' id='par_1_4' title="bbox 174 1171 1367 1238">
     <span class='ocr_line' id='line_1_34' title="bbox 174 1171 1367 1238; baseline 0.002 -11"><span class='ocrx_word' id='word_1_252' title='bbox 174 1175 382 1221; x_wconf 74' lang='lat' dir='ltr'><strong>Jucunde·</strong></span> <span class='ocrx_word' id='word_1_253' title='bbox 436 1192 461 1236; x_wconf 88' lang='lat' dir='ltr'><strong>j.</strong></span> <span class='ocrx_word' id='word_1_254' title='bbox 491 1199 665 1227; x_wconf 83' lang='lat' dir='ltr'>consonat</span> <span class='ocrx_word' id='word_1_255' title='bbox 687 1171 764 1228; x_wconf 54' lang='lat' dir='ltr'><strong>vost</strong></span> <span class='ocrx_word' id='word_1_256' title='bbox 786 1195 822 1236; x_wconf 88' lang='grc'><strong>9,</strong></span> <span class='ocrx_word' id='word_1_257' title='bbox 846 1195 880 1237; x_wconf 90' lang='grc'><strong>3,</strong></span> <span class='ocrx_word' id='word_1_258' title='bbox 907 1197 965 1228; x_wconf 83' lang='grc'><strong>73.</strong></span> <span class='ocrx_word' id='word_1_259' title='bbox 989 1194 1015 1238; x_wconf 91' lang='lat' dir='ltr'><strong>j.</strong></span> <span class='ocrx_word' id='word_1_260' title='bbox 1042 1193 1161 1228; x_wconf 84' lang='lat' dir='ltr'><strong>dicere</strong></span> <span class='ocrx_word' id='word_1_261' title='bbox 1189 1195 1224 1238; x_wconf 88' lang='lat'><strong>6,</strong></span> <span class='ocrx_word' id='word_1_262' title='bbox 1246 1197 1282 1238; x_wconf 83' lang='lat'><strong>2,</strong></span> <span class='ocrx_word' id='word_1_263' title='bbox 1309 1195 1367 1232; x_wconf 78' lang='lat'><strong>19.</strong></span> 
     </span>
    </p>
   </div>
   <div class='ocr_carea' id='block_1_5' title="bbox 173 1231 1728 1892">
    <p class='ocr_par' dir='ltr' id='par_1_5' title="bbox 173 1231 1728 1892">
     <span class='ocr_line' id='line_1_35' title="bbox 173 1231 1692 1296; baseline 0.001 -14"><span class='ocrx_word' id='word_1_264' title='bbox 173 1231 437 1278; x_wconf 71' lang='lat' dir='ltr'><strong>JllssunditflS·</strong></span> <span class='ocrx_word' id='word_1_265' title='bbox 495 1249 537 1289; x_wconf 84' lang='grc' dir='ltr'><strong>α)</strong></span> <span class='ocrx_word' id='word_1_266' title='bbox 553 1269 599 1273; x_wconf 91' lang='grc'>-</span> <span class='ocrx_word' id='word_1_267' title='bbox 621 1250 724 1285; x_wconf 81' lang='lat' dir='ltr'><strong>vocis</strong></span> <span class='ocrx_word' id='word_1_268' title='bbox 748 1251 782 1294; x_wconf 91' lang='grc'><strong>6,</strong></span> <span class='ocrx_word' id='word_1_269' title='bbox 807 1252 864 1288; x_wconf 83' lang='lat' dir='ltr'><strong>Pr,</strong></span> <span class='ocrx_word' id='word_1_270' title='bbox 891 1253 955 1293; x_wconf 85' lang='lat'><strong>11;</strong></span> <span class='ocrx_word' id='word_1_271' title='bbox 987 1251 1045 1285; x_wconf 91' lang='lat' dir='ltr'><strong>cui</strong></span> <span class='ocrx_word' id='word_1_272' title='bbox 1071 1257 1168 1286; x_wconf 88' lang='lat' dir='ltr'><strong>tanta</strong></span> <span class='ocrx_word' id='word_1_273' title='bbox 1194 1262 1352 1296; x_wconf 83' lang='lat' dir='ltr'><strong>unquam</strong></span> <span class='ocrx_word' id='word_1_274' title='bbox 1377 1250 1447 1295; x_wconf 74' lang='lat' dir='ltr'><strong>juc-</strong></span> <span class='ocrx_word' id='word_1_275' title='bbox 1474 1248 1573 1284; x_wconf 85' lang='lat' dir='ltr'><strong>affuit</strong></span> <span class='ocrx_word' id='word_1_276' title='bbox 1595 1250 1652 1292; x_wconf 91' lang='grc'><strong>10,</strong></span> <span class='ocrx_word' id='word_1_277' title='bbox 1677 1251 1692 1283; x_wconf 93' lang='grc'><strong>1</strong></span> 
     </span>
     <span class='ocr_line' id='line_1_36' title="bbox 219 1295 1714 1341; baseline 0 -13"><span class='ocrx_word' id='word_1_278' title='bbox 219 1297 300 1329; x_wconf 89' lang='grc'><strong>110.</strong></span> <span class='ocrx_word' id='word_1_279' title='bbox 345 1295 472 1329; x_wconf 87' lang='lat' dir='ltr'><strong>abierit</strong></span> <span class='ocrx_word' id='word_1_280' title='bbox 496 1295 611 1329; x_wconf 89' lang='lat' dir='ltr'><strong>omnis</strong></span> <span class='ocrx_word' id='word_1_281' title='bbox 635 1296 728 1340; x_wconf 85' lang='lat' dir='ltr'><strong>vis,</strong></span> <span class='ocrx_word' id='word_1_282' title='bbox 759 1298 862 1341; x_wconf 87' lang='lat' dir='ltr'><strong>juc.,</strong></span> <span class='ocrx_word' id='word_1_283' title='bbox 890 1298 1036 1331; x_wconf 92' lang='lat' dir='ltr'><strong>decor</strong></span> <span class='ocrx_word' id='word_1_284' title='bbox 1057 1298 1101 1340; x_wconf 88' lang='lat'><strong>9,</strong></span> <span class='ocrx_word' id='word_1_285' title='bbox 1125 1296 1168 1340; x_wconf 87' lang='lat'><strong>4,</strong></span> <span class='ocrx_word' id='word_1_286' title='bbox 1196 1297 1256 1333; x_wconf 81' lang='lat'><strong>14,</strong></span> <span class='ocrx_word' id='word_1_287' title='bbox 1301 1296 1512 1331; x_wconf 87' lang='lat' dir='ltr'><strong>tenuitas</strong></span> <span class='ocrx_word' id='word_1_288' title='bbox 1547 1306 1589 1329; x_wconf 84' lang='lat' dir='ltr'><strong>ac</strong></span> <span class='ocrx_word' id='word_1_289' title='bbox 1622 1295 1714 1339; x_wconf 24' lang='lat' dir='ltr'><strong>juo..</strong></span> 
     </span>
     <span class='ocr_line' id='line_1_37' title="bbox 217 1340 1728 1387; baseline -0.001 -13"><span class='ocrx_word' id='word_1_290' title='bbox 217 1340 280 1385; x_wconf 87' lang='grc' dir='ltr'><strong>(α.</strong></span> <span class='ocrx_word' id='word_1_291' title='bbox 308 1345 330 1374; x_wconf 81' lang='lat' dir='ltr'><strong>l.</strong></span> <span class='ocrx_word' id='word_1_292' title='bbox 355 1341 522 1383; x_wconf 87' lang='lat' dir='ltr'><strong>nuditas)</strong></span> <span class='ocrx_word' id='word_1_293' title='bbox 551 1342 741 1386; x_wconf 81' lang='lat' dir='ltr'><strong>(alicujus)</strong></span> <span class='ocrx_word' id='word_1_294' title='bbox 770 1356 847 1386; x_wconf 87' lang='lat' dir='ltr'><strong>opp.</strong></span> <span class='ocrx_word' id='word_1_295' title='bbox 872 1343 1112 1387; x_wconf 80' lang='lat' dir='ltr'><strong>asperitas</strong></span> <span class='ocrx_word' id='word_1_296' title='bbox 1136 1346 1202 1386; x_wconf 90' lang='lat'><strong>10,</strong></span> <span class='ocrx_word' id='word_1_297' title='bbox 1234 1347 1277 1386; x_wconf 87' lang='grc'><strong>2,</strong></span> <span class='ocrx_word' id='word_1_298' title='bbox 1311 1345 1370 1377; x_wconf 83' lang='grc'><strong>23.</strong></span> <span class='ocrx_word' id='word_1_299' title='bbox 1415 1342 1512 1374; x_wconf 83' lang='lat' dir='ltr'><strong>illam</strong></span> <span class='ocrx_word' id='word_1_300' title='bbox 1545 1340 1728 1386; x_wconf 61' lang='lat' dir='ltr'><strong>jucundi-f¹</strong></span> 
     </span>
     <span class='ocr_line' id='line_1_38' title="bbox 215 1385 1709 1433; baseline -0.001 -12"><span class='ocrx_word' id='word_1_301' title='bbox 215 1393 327 1422; x_wconf 86' lang='lat' dir='ltr'><strong>tatem</strong></span> <span class='ocrx_word' id='word_1_302' title='bbox 359 1387 596 1422; x_wconf 83' lang='lat' dir='ltr'><strong>inaffectatam</strong></span> <span class='ocrx_word' id='word_1_303' title='bbox 627 1391 683 1431; x_wconf 82' lang='grc'><strong>10,</strong></span> <span class='ocrx_word' id='word_1_304' title='bbox 719 1392 752 1431; x_wconf 93' lang='grc'><strong>1,</strong></span> <span class='ocrx_word' id='word_1_305' title='bbox 780 1391 838 1424; x_wconf 87' lang='grc'><strong>82.</strong></span> <span class='ocrx_word' id='word_1_306' title='bbox 886 1390 956 1433; x_wconf 89' lang='lat' dir='ltr'><strong>juc.</strong></span> <span class='ocrx_word' id='word_1_307' title='bbox 987 1388 1103 1432; x_wconf 89' lang='lat' dir='ltr'><strong>Crispi</strong></span> <span class='ocrx_word' id='word_1_308' title='bbox 1129 1392 1185 1430; x_wconf 86' lang='lat'><strong>12,</strong></span> <span class='ocrx_word' id='word_1_309' title='bbox 1217 1391 1273 1430; x_wconf 90' lang='lat'><strong>10,</strong></span> <span class='ocrx_word' id='word_1_310' title='bbox 1308 1390 1364 1421; x_wconf 87' lang='lat'><strong>11.</strong></span> <span class='ocrx_word' id='word_1_311' title='bbox 1412 1387 1457 1419; x_wconf 89' lang='lat' dir='ltr'><strong>de</strong></span> <span class='ocrx_word' id='word_1_312' title='bbox 1490 1385 1709 1429; x_wconf 76' lang='lat' dir='ltr'><strong>jucunditate</strong></span> 
     </span>
     <span class='ocr_line' id='line_1_39' title="bbox 217 1430 1691 1479; baseline -0.003 -11"><span class='ocrx_word' id='word_1_313' title='bbox 217 1435 295 1468; x_wconf 87' lang='lat' dir='ltr'><strong>sola</strong></span> <span class='ocrx_word' id='word_1_314' title='bbox 319 1434 532 1468; x_wconf 73' lang='lat' dir='ltr'><strong>consultatio</strong></span> <span class='ocrx_word' id='word_1_315' title='bbox 553 1436 587 1475; x_wconf 85' lang='lat'><strong>3,</strong></span> <span class='ocrx_word' id='word_1_316' title='bbox 609 1436 643 1477; x_wconf 90' lang='grc'><strong>8,</strong></span> <span class='ocrx_word' id='word_1_317' title='bbox 665 1436 722 1469; x_wconf 85' lang='grc'><strong>28.</strong></span> <span class='ocrx_word' id='word_1_318' title='bbox 770 1435 812 1479; x_wconf 85' lang='grc' dir='ltr'><strong>β)</strong></span> <span class='ocrx_word' id='word_1_319' title='bbox 841 1448 901 1478; x_wconf 79' lang='lat' dir='ltr'><strong>per</strong></span> <span class='ocrx_word' id='word_1_320' title='bbox 923 1437 1067 1476; x_wconf 81' lang='lat' dir='ltr'><strong>singulos</strong></span> <span class='ocrx_word' id='word_1_321' title='bbox 1097 1433 1226 1467; x_wconf 85' lang='lat' dir='ltr'><strong>Casus.-</strong></span> <span class='ocrx_word' id='word_1_322' title='bbox 1267 1431 1495 1477; x_wconf 87' lang='lat' dir='ltr'><strong>jucunditatis</strong></span> <span class='ocrx_word' id='word_1_323' title='bbox 1528 1430 1642 1478; x_wconf 64' lang='lat' dir='ltr'><strong>gratia</strong></span> <span class='ocrx_word' id='word_1_324' title='bbox 1674 1433 1691 1464; x_wconf 89' lang='lat'><strong>1</strong></span> 
     </span>
     <span class='ocr_line' id='line_1_40' title="bbox 217 1475 1680 1522; baseline -0.003 -7"><span class='ocrx_word' id='word_1_325' title='bbox 217 1481 254 1522; x_wconf 87' lang='lat'><strong>8,</strong></span> <span class='ocrx_word' id='word_1_326' title='bbox 293 1482 348 1514; x_wconf 91' lang='lat'><strong>11.</strong></span> <span class='ocrx_word' id='word_1_327' title='bbox 395 1492 428 1514; x_wconf 85' lang='lat' dir='ltr'><strong>v.</strong></span> <span class='ocrx_word' id='word_1_328' title='bbox 470 1479 643 1514; x_wconf 82' lang='lat' dir='ltr'><strong>Gratia.</strong></span> <span class='ocrx_word' id='word_1_329' title='bbox 681 1479 889 1522; x_wconf 76' lang='lat' dir='ltr'><strong>(Horatius)</strong></span> <span class='ocrx_word' id='word_1_330' title='bbox 927 1479 1054 1522; x_wconf 89' lang='lat' dir='ltr'><strong>plenus</strong></span> <span class='ocrx_word' id='word_1_331' title='bbox 1085 1484 1139 1512; x_wconf 88' lang='lat' dir='ltr'><strong>est</strong></span> <span class='ocrx_word' id='word_1_332' title='bbox 1173 1477 1402 1522; x_wconf 83' lang='lat' dir='ltr'><strong>jucunditatis</strong></span> <span class='ocrx_word' id='word_1_333' title='bbox 1439 1480 1496 1520; x_wconf 89' lang='lat'><strong>10,</strong></span> <span class='ocrx_word' id='word_1_334' title='bbox 1523 1480 1557 1519; x_wconf 92' lang='lat'><strong>1,</strong></span> <span class='ocrx_word' id='word_1_335' title='bbox 1577 1477 1636 1520; x_wconf 68' lang='lat'><strong>96,</strong></span> <span class='ocrx_word' id='word_1_336' title='bbox 1666 1475 1680 1510; x_wconf 88' lang='lat' dir='ltr'><strong>i</strong></span> 
     </span>
     <span class='ocr_line' id='line_1_41' title="bbox 213 1521 1671 1569; baseline -0.001 -10"><span class='ocrx_word' id='word_1_337' title='bbox 213 1526 392 1559; x_wconf 86' lang='lat' dir='ltr'><strong>narrando</strong></span> <span class='ocrx_word' id='word_1_338' title='bbox 416 1525 527 1558; x_wconf 87' lang='lat' dir='ltr'><strong>mirae</strong></span> <span class='ocrx_word' id='word_1_339' title='bbox 551 1524 884 1567; x_wconf 82' lang='lat' dir='ltr'><strong>jucunditatis</strong></span> <span class='ocrx_word' id='word_1_340' title='bbox 909 1523 1167 1569; x_wconf 79' lang='lat' dir='ltr'><strong>clarissimique</strong></span> <span class='ocrx_word' id='word_1_341' title='bbox 1195 1521 1430 1558; x_wconf 75' lang='lat' dir='ltr'><strong>candoris</strong></span> <span class='ocrx_word' id='word_1_342' title='bbox 1452 1525 1498 1557; x_wconf 81' lang='lat' dir='ltr'><strong>ib.</strong></span> <span class='ocrx_word' id='word_1_343' title='bbox 1523 1525 1613 1565; x_wconf 72' lang='lat'><strong>1013</strong></span> <span class='ocrx_word' id='word_1_344' title='bbox 1647 1522 1671 1557; x_wconf 84' lang='lat' dir='ltr'><strong>d</strong></span> 
     </span>
     <span class='ocr_line' id='line_1_42' title="bbox 214 1569 1710 1615; baseline 0 -11"><span class='ocrx_word' id='word_1_345' title='bbox 214 1571 303 1605; x_wconf 84' lang='lat' dir='ltr'><strong>mihi</strong></span> <span class='ocrx_word' id='word_1_346' title='bbox 327 1571 365 1604; x_wconf 88' lang='lat' dir='ltr'><strong>in</strong></span> <span class='ocrx_word' id='word_1_347' title='bbox 386 1571 589 1614; x_wconf 84' lang='lat' dir='ltr'><strong>eloquendo</strong></span> <span class='ocrx_word' id='word_1_348' title='bbox 613 1571 718 1604; x_wconf 88' lang='lat' dir='ltr'><strong>eand.</strong></span> <span class='ocrx_word' id='word_1_349' title='bbox 744 1571 934 1614; x_wconf 87' lang='lat' dir='ltr'><strong>jucund.</strong></span> <span class='ocrx_word' id='word_1_350' title='bbox 963 1575 1000 1604; x_wconf 87' lang='lat' dir='ltr'><strong>et</strong></span> <span class='ocrx_word' id='word_1_351' title='bbox 1024 1581 1147 1615; x_wconf 88' lang='lat' dir='ltr'><strong>parem</strong></span> <span class='ocrx_word' id='word_1_352' title='bbox 1170 1569 1351 1614; x_wconf 85' lang='lat' dir='ltr'><strong>copiam</strong></span> <span class='ocrx_word' id='word_1_353' title='bbox 1387 1571 1454 1613; x_wconf 83' lang='lat'><strong>12,</strong></span> <span class='ocrx_word' id='word_1_354' title='bbox 1487 1571 1556 1612; x_wconf 87' lang='lat'><strong>10,</strong></span> <span class='ocrx_word' id='word_1_355' title='bbox 1579 1569 1639 1604; x_wconf 88' lang='grc'><strong>35.</strong></span> <span class='ocrx_word' id='word_1_356' title='bbox 1670 1580 1710 1604; x_wconf 80' lang='lat' dir='ltr'><strong>v·</strong></span> 
     </span>
     <span class='ocr_line' id='line_1_43' title="bbox 215 1612 1702 1660; baseline -0.001 -8"><span class='ocrx_word' id='word_1_357' title='bbox 215 1617 369 1660; x_wconf 87' lang='lat' dir='ltr'><strong>Copia.</strong></span> <span class='ocrx_word' id='word_1_358' title='bbox 395 1617 473 1660; x_wconf 89' lang='lat' dir='ltr'><strong>ipsa</strong></span> <span class='ocrx_word' id='word_1_359' title='bbox 499 1612 686 1650; x_wconf 71' lang='grc' dir='ltr'><em>διάλεκτος</em></span> <span class='ocrx_word' id='word_1_360' title='bbox 709 1617 816 1650; x_wconf 87' lang='lat' dir='ltr'><strong>habet</strong></span> <span class='ocrx_word' id='word_1_361' title='bbox 840 1627 917 1650; x_wconf 88' lang='lat' dir='ltr'><strong>eam</strong></span> <span class='ocrx_word' id='word_1_362' title='bbox 939 1616 1011 1659; x_wconf 83' lang='lat' dir='ltr'><strong>juc.</strong></span> <span class='ocrx_word' id='word_1_363' title='bbox 1036 1617 1069 1656; x_wconf 86' lang='lat'><strong>9.</strong></span> <span class='ocrx_word' id='word_1_364' title='bbox 1092 1614 1128 1659; x_wconf 84' lang='grc'><strong>4,</strong></span> <span class='ocrx_word' id='word_1_365' title='bbox 1153 1617 1207 1651; x_wconf 90' lang='grc'><strong>18.</strong></span> <span class='ocrx_word' id='word_1_366' title='bbox 1235 1615 1280 1657; x_wconf 85' lang='lat' dir='ltr'><strong>cs.</strong></span> <span class='ocrx_word' id='word_1_367' title='bbox 1306 1617 1362 1659; x_wconf 90' lang='lat'><strong>11,</strong></span> <span class='ocrx_word' id='word_1_368' title='bbox 1384 1617 1419 1658; x_wconf 86' lang='lat'><strong>3,</strong></span> <span class='ocrx_word' id='word_1_369' title='bbox 1449 1615 1534 1657; x_wconf 76' lang='lat'><strong>1663</strong></span> <span class='ocrx_word' id='word_1_370' title='bbox 1558 1614 1650 1654; x_wconf 69' lang='lat' dir='ltr'><strong>brev</strong></span> <span class='ocrx_word' id='word_1_371' title='bbox 1699 1618 1702 1619; x_wconf 48' lang='lat'><em>⁷</em></span> 
     </span>
     <span class='ocr_line' id='line_1_44' title="bbox 210 1659 1687 1707; baseline -0.001 -11"><span class='ocrx_word' id='word_1_372' title='bbox 210 1674 295 1697; x_wconf 86' lang='lat' dir='ltr'><strong>cum</strong></span> <span class='ocrx_word' id='word_1_373' title='bbox 317 1662 535 1706; x_wconf 84' lang='lat' dir='ltr'><strong>jucunditate</strong></span> <span class='ocrx_word' id='word_1_374' title='bbox 562 1667 595 1695; x_wconf 88' lang='lat' dir='ltr'><strong>et</strong></span> <span class='ocrx_word' id='word_1_375' title='bbox 620 1662 798 1706; x_wconf 87' lang='lat' dir='ltr'><strong>propriam</strong></span> <span class='ocrx_word' id='word_1_376' title='bbox 824 1661 1063 1707; x_wconf 85' lang='lat' dir='ltr'><strong>eloquentiam</strong></span> <span class='ocrx_word' id='word_1_377' title='bbox 1081 1662 1144 1704; x_wconf 87' lang='grc'><strong>’12,</strong></span> <span class='ocrx_word' id='word_1_378' title='bbox 1170 1663 1227 1704; x_wconf 90' lang='grc'><strong>10,</strong></span> <span class='ocrx_word' id='word_1_379' title='bbox 1251 1660 1308 1696; x_wconf 80' lang='grc'><strong>64.</strong></span> <span class='ocrx_word' id='word_1_380' title='bbox 1357 1672 1378 1694; x_wconf 83' lang='lat' dir='ltr'><strong>a</strong></span> <span class='ocrx_word' id='word_1_381' title='bbox 1398 1659 1557 1694; x_wconf 85' lang='lat' dir='ltr'><strong>nitore</strong></span> <span class='ocrx_word' id='word_1_382' title='bbox 1581 1665 1627 1704; x_wconf 26' lang='lat' dir='ltr'><strong>et*</strong></span> <span class='ocrx_word' id='word_1_383' title='bbox 1642 1660 1687 1703; x_wconf 87' lang='lat' dir='ltr'><strong>ju</strong></span> 
     </span>
     <span class='ocr_line' id='line_1_45' title="bbox 213 1705 1684 1755; baseline -0.002 -13"><span class='ocrx_word' id='word_1_384' title='bbox 213 1708 467 1743; x_wconf 79' lang='lat' dir='ltr'><strong>canditate</strong></span> <span class='ocrx_word' id='word_1_385' title='bbox 493 1707 678 1742; x_wconf 88' lang='lat' dir='ltr'><strong>Ciceronis</strong></span> <span class='ocrx_word' id='word_1_386' title='bbox 700 1709 749 1742; x_wconf 90' lang='lat' dir='ltr'><strong>ita</strong></span> <span class='ocrx_word' id='word_1_387' title='bbox 772 1709 879 1755; x_wconf 85' lang='lat' dir='ltr'><strong>longe</strong></span> <span class='ocrx_word' id='word_1_388' title='bbox 904 1709 1002 1741; x_wconf 88' lang='lat' dir='ltr'><strong>abest</strong></span> <span class='ocrx_word' id='word_1_389' title='bbox 1028 1710 1091 1750; x_wconf 89' lang='lat'><strong>10,</strong></span> <span class='ocrx_word' id='word_1_390' title='bbox 1131 1710 1164 1751; x_wconf 93' lang='lat'><strong>1,</strong></span> <span class='ocrx_word' id='word_1_391' title='bbox 1189 1709 1268 1741; x_wconf 88' lang='lat'><strong>113.</strong></span> <span class='ocrx_word' id='word_1_392' title='bbox 1317 1705 1517 1740; x_wconf 85' lang='lat' dir='ltr'><strong>Simonides</strong></span> <span class='ocrx_word' id='word_1_393' title='bbox 1539 1710 1684 1740; x_wconf 71' lang='lat' dir='ltr'><strong>sermon</strong></span> 
     </span>
     <span class='ocr_line' id='line_1_46' title="bbox 211 1717 1728 1806; baseline -0.003 -17"><span class='ocrx_word' id='word_1_394' title='bbox 211 1755 358 1800; x_wconf 89' lang='lat' dir='ltr'><strong>proprio</strong></span> <span class='ocrx_word' id='word_1_395' title='bbox 386 1760 422 1788; x_wconf 89' lang='lat' dir='ltr'><strong>et</strong></span> <span class='ocrx_word' id='word_1_396' title='bbox 457 1753 673 1798; x_wconf 76' lang='lat' dir='ltr'><strong>jucunditate</strong></span> <span class='ocrx_word' id='word_1_397' title='bbox 697 1756 854 1798; x_wconf 68' lang='lat' dir='ltr'><strong>⁴quadam</strong></span> <span class='ocrx_word' id='word_1_398' title='bbox 893 1753 1131 1788; x_wconf 85' lang='lat' dir='ltr'><strong>commendari</strong></span> <span class='ocrx_word' id='word_1_399' title='bbox 1162 1758 1279 1797; x_wconf 85' lang='lat' dir='ltr'><strong>potest</strong></span> <span class='ocrx_word' id='word_1_400' title='bbox 1307 1755 1350 1786; x_wconf 83' lang='lat' dir='ltr'><strong>ib.</strong></span> <span class='ocrx_word' id='word_1_401' title='bbox 1382 1750 1440 1786; x_wconf 88' lang='grc'><strong>64.</strong></span> <span class='ocrx_word' id='word_1_402' title='bbox 1487 1717 1728 1806; x_wconf 51' lang='grc' dir='ltr'><strong>Ῐιιὸωιᾶὶῐεῐὲἳ</strong></span> 
     </span>
     <span class='ocr_line' id='line_1_47' title="bbox 212 1797 1711 1844; baseline -0.002 -10"><span class='ocrx_word' id='word_1_403' title='bbox 212 1801 374 1836; x_wconf 88' lang='lat' dir='ltr'><strong>deficitur</strong></span> <span class='ocrx_word' id='word_1_404' title='bbox 401 1798 659 1844; x_wconf 74' lang='lat' dir='ltr'><strong>(Antimachus)</strong></span> <span class='ocrx_word' id='word_1_405' title='bbox 684 1802 728 1833; x_wconf 84' lang='lat' dir='ltr'><strong>ib.</strong></span> <span class='ocrx_word' id='word_1_406' title='bbox 754 1801 810 1834; x_wconf 86' lang='lat'><strong>53.</strong></span> <span class='ocrx_word' id='word_1_407' title='bbox 857 1799 952 1834; x_wconf 85' lang='lat' dir='ltr'><strong>ducti</strong></span> <span class='ocrx_word' id='word_1_408' title='bbox 975 1798 1194 1843; x_wconf 84' lang='lat' dir='ltr'><strong>jucunditate</strong></span> <span class='ocrx_word' id='word_1_409' title='bbox 1217 1799 1336 1844; x_wconf 83' lang='lat' dir='ltr'><strong>aliqua</strong></span> <span class='ocrx_word' id='word_1_410' title='bbox 1361 1797 1527 1832; x_wconf 81' lang='lat' dir='ltr'><strong>lectionis</strong></span> <span class='ocrx_word' id='word_1_411' title='bbox 1552 1799 1586 1841; x_wconf 86' lang='lat'><strong>3,</strong></span> <span class='ocrx_word' id='word_1_412' title='bbox 1613 1799 1646 1842; x_wconf 82' lang='lat'><strong>1,</strong></span> <span class='ocrx_word' id='word_1_413' title='bbox 1668 1798 1711 1832; x_wconf 89' lang='grc'><strong>3·</strong></span> 
     </span>
     <span class='ocr_line' id='line_1_48' title="bbox 211 1846 939 1892; baseline 0 -11"><span class='ocrx_word' id='word_1_414' title='bbox 211 1860 280 1892; x_wconf 90' lang='lat' dir='ltr'><strong>qua</strong></span> <span class='ocrx_word' id='word_1_415' title='bbox 304 1846 521 1892; x_wconf 88' lang='lat' dir='ltr'><strong>jucunditate</strong></span> <span class='ocrx_word' id='word_1_416' title='bbox 545 1847 765 1890; x_wconf 86' lang='lat' dir='ltr'><strong>permulceat</strong></span> <span class='ocrx_word' id='word_1_417' title='bbox 788 1849 823 1889; x_wconf 84' lang='lat'><strong>2,</strong></span> <span class='ocrx_word' id='word_1_418' title='bbox 849 1849 882 1889; x_wconf 85' lang='lat'><strong>5,</strong></span> <span class='ocrx_word' id='word_1_419' title='bbox 905 1847 939 1881; x_wconf 86' lang='lat'><strong>8.</strong></span> 
     </span>
    </p>
   </div>
   <div class='ocr_carea' id='block_1_6' title="bbox 164 1893 1728 2823">
    <p class='ocr_par' dir='ltr' id='par_1_6' title="bbox 164 1893 1718 2774">
     <span class='ocr_line' id='line_1_49' title="bbox 164 1893 1706 1949; baseline -0.002 -13"><span class='ocrx_word' id='word_1_420' title='bbox 164 1893 397 1936; x_wconf 83' lang='lat' dir='ltr'><strong>Jucundus.</strong></span> <span class='ocrx_word' id='word_1_421' title='bbox 438 1903 477 1942; x_wconf 82' lang='grc' dir='ltr'><strong>α)</strong></span> <span class='ocrx_word' id='word_1_422' title='bbox 503 1905 716 1946; x_wconf 69' lang='lat' dir='ltr'><strong>simpliciter.-</strong></span> <span class='ocrx_word' id='word_1_423' title='bbox 741 1903 836 1937; x_wconf 89' lang='lat' dir='ltr'><strong>idem</strong></span> <span class='ocrx_word' id='word_1_424' title='bbox 859 1903 1087 1947; x_wconf 88' lang='lat' dir='ltr'><strong>jucundus</strong></span> <span class='ocrx_word' id='word_1_425' title='bbox 1112 1908 1148 1937; x_wconf 87' lang='lat' dir='ltr'><strong>et</strong></span> <span class='ocrx_word' id='word_1_426' title='bbox 1171 1899 1334 1949; x_wconf 81' lang='lat' dir='ltr'><strong>gravis</strong></span> <span class='ocrx_word' id='word_1_427' title='bbox 1357 1902 1414 1944; x_wconf 88' lang='lat'><strong>10,</strong></span> <span class='ocrx_word' id='word_1_428' title='bbox 1437 1901 1472 1942; x_wconf 82' lang='lat'><strong>1,</strong></span> <span class='ocrx_word' id='word_1_429' title='bbox 1499 1897 1559 1935; x_wconf 83' lang='lat'><strong>46.</strong></span> <span class='ocrx_word' id='word_1_430' title='bbox 1585 1905 1706 1934; x_wconf 84' lang='lat' dir='ltr'><strong>com-</strong></span> 
     </span>
     <span class='ocr_line' id='line_1_50' title="bbox 211 1946 1715 1995; baseline -0.003 -10"><span class='ocrx_word' id='word_1_431' title='bbox 211 1951 394 1995; x_wconf 86' lang='lat' dir='ltr'><strong>positus</strong></span> <span class='ocrx_word' id='word_1_432' title='bbox 423 1955 459 1984; x_wconf 89' lang='lat' dir='ltr'><strong>et</strong></span> <span class='ocrx_word' id='word_1_433' title='bbox 484 1950 572 1992; x_wconf 84' lang='lat' dir='ltr'><strong>juo.</strong></span> <span class='ocrx_word' id='word_1_434' title='bbox 597 1955 632 1982; x_wconf 89' lang='lat' dir='ltr'><strong>et</strong></span> <span class='ocrx_word' id='word_1_435' title='bbox 656 1948 978 1983; x_wconf 84' lang='lat' dir='ltr'><strong>delectationi</strong></span> <span class='ocrx_word' id='word_1_436' title='bbox 1011 1954 1147 1982; x_wconf 84' lang='lat' dir='ltr'><strong>natus</strong></span> <span class='ocrx_word' id='word_1_437' title='bbox 1173 1951 1217 1984; x_wconf 85' lang='lat' dir='ltr'><strong>ib.</strong></span> <span class='ocrx_word' id='word_1_438' title='bbox 1245 1949 1329 1989; x_wconf 76' lang='lat'><strong>1193</strong></span> <span class='ocrx_word' id='word_1_439' title='bbox 1358 1946 1442 1991; x_wconf 88' lang='lat' dir='ltr'><strong>quid</strong></span> <span class='ocrx_word' id='word_1_440' title='bbox 1468 1955 1715 1990; x_wconf 60' lang='lat' dir='ltr'><strong>severum,</strong></span> 
     </span>
     <span class='ocr_line' id='line_1_51' title="bbox 213 1990 1703 2042; baseline -0.003 -11"><span class='ocrx_word' id='word_1_441' title='bbox 213 1997 298 2042; x_wconf 87' lang='lat' dir='ltr'><strong>quid</strong></span> <span class='ocrx_word' id='word_1_442' title='bbox 323 1997 576 2041; x_wconf 86' lang='lat' dir='ltr'><strong>jucundum</strong></span> <span class='ocrx_word' id='word_1_443' title='bbox 593 1996 867 2039; x_wconf 79' lang='lat' dir='ltr'><strong>sit9‚4‚120.v.</strong></span> <span class='ocrx_word' id='word_1_444' title='bbox 894 1995 1114 2029; x_wconf 84' lang='lat' dir='ltr'><strong>Blandus.</strong></span> <span class='ocrx_word' id='word_1_445' title='bbox 1138 1994 1348 2038; x_wconf 84' lang='lat' dir='ltr'><strong>jucunda</strong></span> <span class='ocrx_word' id='word_1_446' title='bbox 1370 2002 1443 2026; x_wconf 88' lang='lat' dir='ltr'><strong>non</strong></span> <span class='ocrx_word' id='word_1_447' title='bbox 1467 1990 1703 2026; x_wconf 73' lang='lat' dir='ltr'><strong>dissoluta</strong></span> 
     </span>
     <span class='ocr_line' id='line_1_52' title="bbox 211 2036 1704 2088; baseline -0.006 -10"><span class='ocrx_word' id='word_1_448' title='bbox 211 2047 268 2087; x_wconf 88' lang='lat'><strong>12,</strong></span> <span class='ocrx_word' id='word_1_449' title='bbox 296 2046 352 2087; x_wconf 92' lang='grc'><strong>10,</strong></span> <span class='ocrx_word' id='word_1_450' title='bbox 380 2044 436 2077; x_wconf 84' lang='grc'><strong>80.</strong></span> <span class='ocrx_word' id='word_1_451' title='bbox 462 2040 507 2083; x_wconf 83' lang='lat' dir='ltr'><strong>cs.</strong></span> <span class='ocrx_word' id='word_1_452' title='bbox 533 2042 566 2082; x_wconf 88' lang='lat'><strong>9,</strong></span> <span class='ocrx_word' id='word_1_453' title='bbox 592 2044 627 2084; x_wconf 83' lang='lat'><strong>2,</strong></span> <span class='ocrx_word' id='word_1_454' title='bbox 651 2042 707 2076; x_wconf 88' lang='grc'><strong>59.</strong></span> <span class='ocrx_word' id='word_1_455' title='bbox 752 2041 949 2088; x_wconf 85' lang='lat' dir='ltr'><strong>grandia</strong></span> <span class='ocrx_word' id='word_1_456' title='bbox 976 2042 1085 2081; x_wconf 85' lang='lat' dir='ltr'><strong>elate,</strong></span> <span class='ocrx_word' id='word_1_457' title='bbox 1119 2040 1331 2085; x_wconf 66' lang='lat' dir='ltr'><strong>jucunda</strong></span> <span class='ocrx_word' id='word_1_458' title='bbox 1362 2036 1704 2071; x_wconf 78' lang='lat' dir='ltr'><strong>dulciter&#39;canit</strong></span> 
     </span>
     <span class='ocr_line' id='line_1_53' title="bbox 211 2082 1703 2134; baseline -0.005 -10"><span class='ocrx_word' id='word_1_459' title='bbox 211 2093 246 2134; x_wconf 89' lang='grc'><strong>1,</strong></span> <span class='ocrx_word' id='word_1_460' title='bbox 276 2092 331 2132; x_wconf 93' lang='grc'><strong>10,</strong></span> <span class='ocrx_word' id='word_1_461' title='bbox 355 2087 415 2122; x_wconf 89' lang='grc'><strong>24.</strong></span> <span class='ocrx_word' id='word_1_462' title='bbox 463 2087 494 2122; x_wconf 91' lang='lat' dir='ltr'><strong>si</strong></span> <span class='ocrx_word' id='word_1_463' title='bbox 517 2098 629 2134; x_wconf 86' lang='lat' dir='ltr'><strong>genus</strong></span> <span class='ocrx_word' id='word_1_464' title='bbox 661 2087 804 2121; x_wconf 88' lang='lat' dir='ltr'><strong>dicendi</strong></span> <span class='ocrx_word' id='word_1_465' title='bbox 839 2106 885 2113; x_wconf 95' lang='lat'>—</span> <span class='ocrx_word' id='word_1_466' title='bbox 920 2092 1029 2120; x_wconf 82' lang='lat' dir='ltr'><strong>trux</strong></span> <span class='ocrx_word' id='word_1_467' title='bbox 1062 2093 1133 2131; x_wconf 87' lang='lat' dir='ltr'><strong>atq.</strong></span> <span class='ocrx_word' id='word_1_468' title='bbox 1166 2085 1431 2121; x_wconf 76' lang='lat' dir='ltr'><strong>violentum</strong></span> <span class='ocrx_word' id='word_1_469' title='bbox 1468 2082 1703 2125; x_wconf 78' lang='lat' dir='ltr'><strong>iucundis</strong></span> 
     </span>
     <span class='ocr_line' id='line_1_54' title="bbox 209 2130 1699 2180; baseline -0.005 -10"><span class='ocrx_word' id='word_1_470' title='bbox 209 2135 440 2170; x_wconf 85' lang='lat' dir='ltr'><strong>adhibeamus</strong></span> <span class='ocrx_word' id='word_1_471' title='bbox 466 2137 522 2177; x_wconf 90' lang='lat'><strong>11,</strong></span> <span class='ocrx_word' id='word_1_472' title='bbox 549 2137 583 2176; x_wconf 92' lang='lat'><strong>1,</strong></span> <span class='ocrx_word' id='word_1_473' title='bbox 607 2136 639 2168; x_wconf 88' lang='grc'><strong>3.</strong></span> <span class='ocrx_word' id='word_1_474' title='bbox 688 2134 808 2169; x_wconf 83' lang='lat' dir='ltr'><strong>verbis</strong></span> <span class='ocrx_word' id='word_1_475' title='bbox 833 2133 1062 2176; x_wconf 85' lang='lat' dir='ltr'><strong>nitidum,</strong></span> <span class='ocrx_word' id='word_1_476' title='bbox 1093 2132 1214 2180; x_wconf 85' lang='lat' dir='ltr'><strong>figuris</strong></span> <span class='ocrx_word' id='word_1_477' title='bbox 1241 2130 1494 2176; x_wconf 85' lang='lat' dir='ltr'><strong>jucundum</strong></span> <span class='ocrx_word' id='word_1_478' title='bbox 1517 2130 1554 2171; x_wconf 88' lang='grc'><strong>8,</strong></span> <span class='ocrx_word' id='word_1_479' title='bbox 1580 2130 1617 2172; x_wconf 89' lang='grc'><strong>3,</strong></span> <span class='ocrx_word' id='word_1_480' title='bbox 1642 2130 1699 2162; x_wconf 85' lang='grc'><strong>12.</strong></span> 
     </span>
     <span class='ocr_line' id='line_1_55' title="bbox 209 2174 1699 2226; baseline -0.005 -11"><span class='ocrx_word' id='word_1_481' title='bbox 209 2181 255 2223; x_wconf 76' lang='lat' dir='ltr'><strong>cf.</strong></span> <span class='ocrx_word' id='word_1_482' title='bbox 282 2183 317 2226; x_wconf 93' lang='lat'><strong>9,</strong></span> <span class='ocrx_word' id='word_1_483' title='bbox 342 2183 376 2224; x_wconf 87' lang='grc'><strong>3,</strong></span> <span class='ocrx_word' id='word_1_484' title='bbox 401 2183 459 2215; x_wconf 88' lang='grc'><strong>71.</strong></span> <span class='ocrx_word' id='word_1_485' title='bbox 506 2181 687 2226; x_wconf 83' lang='lat' dir='ltr'><strong>eleganter</strong></span> <span class='ocrx_word' id='word_1_486' title='bbox 711 2180 803 2214; x_wconf 90' lang='lat' dir='ltr'><strong>dicta</strong></span> <span class='ocrx_word' id='word_1_487' title='bbox 827 2185 861 2214; x_wconf 91' lang='lat' dir='ltr'><strong>et</strong></span> <span class='ocrx_word' id='word_1_488' title='bbox 894 2179 1039 2223; x_wconf 87' lang='lat' dir='ltr'><strong>proprio</strong></span> <span class='ocrx_word' id='word_1_489' title='bbox 1076 2179 1230 2223; x_wconf 86' lang='lat' dir='ltr'><strong>quodam</strong></span> <span class='ocrx_word' id='word_1_490' title='bbox 1261 2177 1386 2220; x_wconf 85' lang='lat' dir='ltr'><strong>lepore</strong></span> <span class='ocrx_word' id='word_1_491' title='bbox 1413 2175 1568 2219; x_wconf 84' lang='lat' dir='ltr'><strong>jucunda</strong></span> <span class='ocrx_word' id='word_1_492' title='bbox 1599 2174 1636 2217; x_wconf 89' lang='grc'><strong>6,</strong></span> <span class='ocrx_word' id='word_1_493' title='bbox 1663 2175 1699 2217; x_wconf 92' lang='grc'><strong>3,</strong></span> 
     </span>
     <span class='ocr_line' id='line_1_56' title="bbox 208 2219 1714 2272; baseline -0.007 -10"><span class='ocrx_word' id='word_1_494' title='bbox 208 2230 289 2262; x_wconf 88' lang='grc'><strong>102.</strong></span> <span class='ocrx_word' id='word_1_495' title='bbox 336 2228 431 2272; x_wconf 88' lang='lat' dir='ltr'><strong>quod</strong></span> <span class='ocrx_word' id='word_1_496' title='bbox 454 2232 628 2266; x_wconf 85' lang='lat' dir='ltr'><strong>tractare,</strong></span> <span class='ocrx_word' id='word_1_497' title='bbox 658 2225 812 2268; x_wconf 88' lang='lat' dir='ltr'><strong>intueri,</strong></span> <span class='ocrx_word' id='word_1_498' title='bbox 846 2225 1030 2259; x_wconf 86' lang='lat' dir='ltr'><strong>nominare</strong></span> <span class='ocrx_word' id='word_1_499' title='bbox 1054 2225 1246 2267; x_wconf 79' lang='lat' dir='ltr'><strong>jucundum</strong></span> <span class='ocrx_word' id='word_1_500' title='bbox 1273 2222 1319 2256; x_wconf 84' lang='lat' dir='ltr'><strong>sit</strong></span> <span class='ocrx_word' id='word_1_501' title='bbox 1343 2225 1376 2263; x_wconf 90' lang='lat'><strong>1,</strong></span> <span class='ocrx_word' id='word_1_502' title='bbox 1405 2223 1423 2254; x_wconf 91' lang='lat'><strong>1</strong></span> <span class='ocrx_word' id='word_1_503' title='bbox 1439 2246 1450 2263; x_wconf 95' lang='lat'><strong>,</strong></span> <span class='ocrx_word' id='word_1_504' title='bbox 1485 2221 1544 2255; x_wconf 83' lang='lat'><strong>26.</strong></span> <span class='ocrx_word' id='word_1_505' title='bbox 1592 2219 1714 2253; x_wconf 50' lang='lat' dir='ltr'><strong>amari„</strong></span> 
     </span>
     <span class='ocr_line' id='line_1_57' title="bbox 208 2265 1718 2318; baseline -0.007 -10"><span class='ocrx_word' id='word_1_506' title='bbox 208 2275 280 2318; x_wconf 84' lang='lat' dir='ltr'><strong>juc.</strong></span> <span class='ocrx_word' id='word_1_507' title='bbox 311 2279 364 2308; x_wconf 87' lang='lat' dir='ltr'><strong>est</strong></span> <span class='ocrx_word' id='word_1_508' title='bbox 388 2274 423 2316; x_wconf 87' lang='lat'><strong>9,</strong></span> <span class='ocrx_word' id='word_1_509' title='bbox 449 2275 482 2316; x_wconf 88' lang='lat'><strong>3,</strong></span> <span class='ocrx_word' id='word_1_510' title='bbox 508 2275 573 2314; x_wconf 90' lang='grc'><strong>70;</strong></span> <span class='ocrx_word' id='word_1_511' title='bbox 604 2272 740 2306; x_wconf 87' lang='lat' dir='ltr'><strong>infinita</strong></span> <span class='ocrx_word' id='word_1_512' title='bbox 764 2277 818 2306; x_wconf 83' lang='lat' dir='ltr'><strong>est</strong></span> <span class='ocrx_word' id='word_1_513' title='bbox 840 2282 960 2305; x_wconf 87' lang='lat' dir='ltr'><strong>rerum</strong></span> <span class='ocrx_word' id='word_1_514' title='bbox 985 2269 1222 2314; x_wconf 88' lang='lat' dir='ltr'><strong>comparatio,</strong></span> <span class='ocrx_word' id='word_1_515' title='bbox 1262 2265 1568 2311; x_wconf 83' lang='lat' dir='ltr'><strong>jucundiora,</strong></span> <span class='ocrx_word' id='word_1_516' title='bbox 1603 2275 1718 2312; x_wconf 83' lang='lat' dir='ltr'><strong>gra--</strong></span> 
     </span>
     <span class='ocr_line' id='line_1_58' title="bbox 210 2311 1718 2365; baseline -0.005 -11"><span class='ocrx_word' id='word_1_517' title='bbox 210 2320 351 2355; x_wconf 83' lang='lat' dir='ltr'><strong>viora</strong></span> <span class='ocrx_word' id='word_1_518' title='bbox 376 2319 475 2363; x_wconf 89' lang='lat' dir='ltr'><strong>(Sp.</strong></span> <span class='ocrx_word' id='word_1_519' title='bbox 501 2318 740 2365; x_wconf 83' lang='lat' dir='ltr'><strong>gratiora)</strong></span> <span class='ocrx_word' id='word_1_520' title='bbox 766 2326 828 2352; x_wconf 73' lang='lat' dir='ltr'><strong>etc.</strong></span> <span class='ocrx_word' id='word_1_521' title='bbox 853 2318 886 2360; x_wconf 87' lang='lat'><strong>5,</strong></span> <span class='ocrx_word' id='word_1_522' title='bbox 913 2319 968 2359; x_wconf 89' lang='lat'><strong>10,</strong></span> <span class='ocrx_word' id='word_1_523' title='bbox 997 2318 1039 2351; x_wconf 91' lang='grc'><strong>91</strong></span> <span class='ocrx_word' id='word_1_524' title='bbox 1065 2319 1108 2350; x_wconf 89' lang='grc' dir='ltr'><strong>Ζ.</strong></span> <span class='ocrx_word' id='word_1_525' title='bbox 1138 2316 1184 2349; x_wconf 89' lang='grc' dir='ltr'><strong>Ν.</strong></span> <span class='ocrx_word' id='word_1_526' title='bbox 1216 2319 1299 2348; x_wconf 85' lang='lat' dir='ltr'><strong>sunt</strong></span> <span class='ocrx_word' id='word_1_527' title='bbox 1337 2312 1416 2347; x_wconf 83' lang='lat' dir='ltr'><strong>aliis</strong></span> <span class='ocrx_word' id='word_1_528' title='bbox 1452 2311 1520 2346; x_wconf 84' lang='lat' dir='ltr'><strong>alia</strong></span> <span class='ocrx_word' id='word_1_529' title='bbox 1553 2312 1718 2354; x_wconf 46' lang='lat' dir='ltr'><strong>hone-2</strong></span> 
     </span>
     <span class='ocr_line' id='line_1_59' title="bbox 211 2357 1700 2409; baseline -0.007 -9"><span class='ocrx_word' id='word_1_530' title='bbox 211 2366 378 2408; x_wconf 85' lang='lat' dir='ltr'><strong>stiora,</strong></span> <span class='ocrx_word' id='word_1_531' title='bbox 404 2365 696 2406; x_wconf 89' lang='lat' dir='ltr'><strong>sublimiora,</strong></span> <span class='ocrx_word' id='word_1_532' title='bbox 725 2363 976 2403; x_wconf 84' lang='lat' dir='ltr'><strong>nitidiora,</strong></span> <span class='ocrx_word' id='word_1_533' title='bbox 1006 2359 1316 2405; x_wconf 86' lang='lat' dir='ltr'><strong>jucundiora,</strong></span> <span class='ocrx_word' id='word_1_534' title='bbox 1341 2357 1593 2395; x_wconf 79' lang='lat' dir='ltr'><strong>vocaliora</strong></span> <span class='ocrx_word' id='word_1_535' title='bbox 1616 2358 1700 2409; x_wconf 76' lang='lat'><strong>8,3,</strong></span> 
     </span>
     <span class='ocr_line' id='line_1_60' title="bbox 211 2403 1711 2456; baseline -0.007 -11"><span class='ocrx_word' id='word_1_536' title='bbox 211 2413 279 2454; x_wconf 86' lang='lat'><strong>16;</strong></span> <span class='ocrx_word' id='word_1_537' title='bbox 319 2410 660 2456; x_wconf 86' lang='lat' dir='ltr'><strong>jucundissima</strong></span> <span class='ocrx_word' id='word_1_538' title='bbox 684 2415 766 2444; x_wconf 87' lang='lat' dir='ltr'><strong>sunt</strong></span> <span class='ocrx_word' id='word_1_539' title='bbox 789 2408 922 2443; x_wconf 78' lang='lat' dir='ltr'><strong>lenis</strong></span> <span class='ocrx_word' id='word_1_540' title='bbox 949 2413 983 2441; x_wconf 87' lang='lat' dir='ltr'><strong>et</strong></span> <span class='ocrx_word' id='word_1_541' title='bbox 1009 2407 1072 2448; x_wconf 86' lang='lat' dir='ltr'><strong>(ut</strong></span> <span class='ocrx_word' id='word_1_542' title='bbox 1095 2406 1146 2441; x_wconf 89' lang='lat' dir='ltr'><strong>sic</strong></span> <span class='ocrx_word' id='word_1_543' title='bbox 1174 2405 1348 2446; x_wconf 83' lang='lat' dir='ltr'><strong>dixerim)</strong></span> <span class='ocrx_word' id='word_1_544' title='bbox 1381 2403 1496 2439; x_wconf 87' lang='lat' dir='ltr'><strong>boni</strong></span> <span class='ocrx_word' id='word_1_545' title='bbox 1526 2403 1711 2437; x_wconf 78' lang='lat' dir='ltr'><strong>stomaclu.</strong></span> 
     </span>
     <span class='ocr_line' id='line_1_61' title="bbox 208 2446 1700 2502; baseline -0.007 -11"><span class='ocrx_word' id='word_1_546' title='bbox 208 2458 244 2499; x_wconf 82' lang='lat'><strong>6,</strong></span> <span class='ocrx_word' id='word_1_547' title='bbox 274 2460 307 2500; x_wconf 86' lang='lat'><strong>3,</strong></span> <span class='ocrx_word' id='word_1_548' title='bbox 333 2460 391 2493; x_wconf 83' lang='lat'><strong>93.</strong></span> <span class='ocrx_word' id='word_1_549' title='bbox 439 2456 482 2502; x_wconf 79' lang='grc' dir='ltr'><strong>β)</strong></span> <span class='ocrx_word' id='word_1_550' title='bbox 509 2470 538 2491; x_wconf 80' lang='lat' dir='ltr'><strong>c.</strong></span> <span class='ocrx_word' id='word_1_551' title='bbox 562 2458 766 2490; x_wconf 83' lang='lat' dir='ltr'><strong>Nominibus.</strong></span> <span class='ocrx_word' id='word_1_552' title='bbox 796 2456 833 2496; x_wconf 88' lang='lat' dir='ltr'><strong>a)</strong></span> <span class='ocrx_word' id='word_1_553' title='bbox 856 2454 1030 2498; x_wconf 87' lang='lat' dir='ltr'><strong>jucundus</strong></span> <span class='ocrx_word' id='word_1_554' title='bbox 1054 2459 1128 2487; x_wconf 88' lang='lat' dir='ltr'><strong>tum</strong></span> <span class='ocrx_word' id='word_1_555' title='bbox 1153 2452 1308 2486; x_wconf 85' lang='lat' dir='ltr'><strong>maxime</strong></span> <span class='ocrx_word' id='word_1_556' title='bbox 1343 2450 1399 2494; x_wconf 80' lang='grc' dir='ltr'><strong>(ἰὴ</strong></span> <span class='ocrx_word' id='word_1_557' title='bbox 1424 2457 1537 2483; x_wconf 71' lang='lat' dir='ltr'><strong>tenera</strong></span> <span class='ocrx_word' id='word_1_558' title='bbox 1571 2446 1700 2491; x_wconf 77' lang='lat' dir='ltr'><strong>aetate)</strong></span> 
     </span>
     <span class='ocr_line' id='line_1_62' title="bbox 213 2496 1698 2546; baseline -0.007 -10"><span class='ocrx_word' id='word_1_559' title='bbox 213 2503 319 2536; x_wconf 89' lang='lat' dir='ltr'><strong>debet</strong></span> <span class='ocrx_word' id='word_1_560' title='bbox 347 2515 425 2537; x_wconf 86' lang='lat' dir='ltr'><strong>esse</strong></span> <span class='ocrx_word' id='word_1_561' title='bbox 446 2507 656 2546; x_wconf 78' lang='lat' dir='ltr'><strong>praeceptor</strong></span> <span class='ocrx_word' id='word_1_562' title='bbox 679 2505 713 2544; x_wconf 87' lang='grc'><strong>2,</strong></span> <span class='ocrx_word' id='word_1_563' title='bbox 738 2501 773 2543; x_wconf 82' lang='grc'><strong>4,</strong></span> <span class='ocrx_word' id='word_1_564' title='bbox 800 2503 854 2534; x_wconf 92' lang='grc'><strong>12.</strong></span> <span class='ocrx_word' id='word_1_565' title='bbox 904 2499 1031 2534; x_wconf 89' lang='lat' dir='ltr'><strong>Cicero</strong></span> <span class='ocrx_word' id='word_1_566' title='bbox 1055 2520 1102 2525; x_wconf 92' lang='lat'>—</span> <span class='ocrx_word' id='word_1_567' title='bbox 1125 2500 1195 2543; x_wconf 83' lang='lat' dir='ltr'><strong>juc.</strong></span> <span class='ocrx_word' id='word_1_568' title='bbox 1221 2496 1472 2542; x_wconf 83' lang='lat' dir='ltr'><strong>incipientibus</strong></span> <span class='ocrx_word' id='word_1_569' title='bbox 1497 2504 1640 2538; x_wconf 84' lang='lat' dir='ltr'><strong>quoque</strong></span> <span class='ocrx_word' id='word_1_570' title='bbox 1662 2496 1698 2536; x_wconf 88' lang='grc'><strong>2,</strong></span> 
     </span>
     <span class='ocr_line' id='line_1_63' title="bbox 212 2535 1712 2591; baseline -0.005 -9"><span class='ocrx_word' id='word_1_571' title='bbox 212 2549 246 2590; x_wconf 88' lang='grc'><strong>5,</strong></span> <span class='ocrx_word' id='word_1_572' title='bbox 272 2551 338 2590; x_wconf 71' lang='grc'><strong>20,</strong></span> <span class='ocrx_word' id='word_1_573' title='bbox 378 2549 415 2582; x_wconf 90' lang='lat' dir='ltr'><strong>in</strong></span> <span class='ocrx_word' id='word_1_574' title='bbox 440 2548 528 2582; x_wconf 91' lang='lat' dir='ltr'><strong>cibis</strong></span> <span class='ocrx_word' id='word_1_575' title='bbox 553 2559 639 2582; x_wconf 90' lang='lat' dir='ltr'><strong>acor</strong></span> <span class='ocrx_word' id='word_1_576' title='bbox 660 2547 738 2591; x_wconf 84' lang='lat' dir='ltr'><strong>ipse</strong></span> <span class='ocrx_word' id='word_1_577' title='bbox 761 2548 830 2590; x_wconf 89' lang='lat' dir='ltr'><strong>juc.</strong></span> <span class='ocrx_word' id='word_1_578' title='bbox 857 2551 912 2580; x_wconf 86' lang='lat' dir='ltr'><strong>est</strong></span> <span class='ocrx_word' id='word_1_579' title='bbox 934 2548 968 2588; x_wconf 89' lang='lat'><strong>9,</strong></span> <span class='ocrx_word' id='word_1_580' title='bbox 993 2547 1027 2588; x_wconf 85' lang='lat'><strong>3,</strong></span> <span class='ocrx_word' id='word_1_581' title='bbox 1052 2548 1109 2580; x_wconf 92' lang='grc'><strong>27.</strong></span> <span class='ocrx_word' id='word_1_582' title='bbox 1158 2543 1368 2588; x_wconf 81' lang='lat' dir='ltr'><strong>compositio</strong></span> <span class='ocrx_word' id='word_1_583' title='bbox 1392 2543 1464 2586; x_wconf 84' lang='lat' dir='ltr'><strong>juo.</strong></span> <span class='ocrx_word' id='word_1_584' title='bbox 1496 2541 1530 2582; x_wconf 87' lang='lat'><strong>9,</strong></span> <span class='ocrx_word' id='word_1_585' title='bbox 1554 2537 1590 2582; x_wconf 88' lang='grc'><strong>4,</strong></span> <span class='ocrx_word' id='word_1_586' title='bbox 1617 2535 1712 2575; x_wconf 83' lang='lat'><strong>146..</strong></span> 
     </span>
     <span class='ocr_line' id='line_1_64' title="bbox 210 2582 1705 2637; baseline -0.005 -11"><span class='ocrx_word' id='word_1_587' title='bbox 210 2594 301 2637; x_wconf 89' lang='lat' dir='ltr'><strong>juc.</strong></span> <span class='ocrx_word' id='word_1_588' title='bbox 324 2605 365 2626; x_wconf 91' lang='lat' dir='ltr'><strong>ac</strong></span> <span class='ocrx_word' id='word_1_589' title='bbox 388 2593 691 2628; x_wconf 84' lang='lat' dir='ltr'><strong>favorabilis</strong></span> <span class='ocrx_word' id='word_1_590' title='bbox 719 2591 923 2637; x_wconf 85' lang='lat' dir='ltr'><strong>eloquentia</strong></span> <span class='ocrx_word' id='word_1_591' title='bbox 950 2594 1005 2634; x_wconf 91' lang='grc'><strong>12,</strong></span> <span class='ocrx_word' id='word_1_592' title='bbox 1031 2594 1087 2634; x_wconf 90' lang='grc'><strong>10,</strong></span> <span class='ocrx_word' id='word_1_593' title='bbox 1112 2589 1167 2626; x_wconf 89' lang='grc'><strong>74.</strong></span> <span class='ocrx_word' id='word_1_594' title='bbox 1214 2591 1286 2635; x_wconf 89' lang='lat' dir='ltr'><strong>juc.</strong></span> <span class='ocrx_word' id='word_1_595' title='bbox 1312 2586 1489 2632; x_wconf 84' lang='lat' dir='ltr'><strong>expositio</strong></span> <span class='ocrx_word' id='word_1_596' title='bbox 1521 2582 1557 2626; x_wconf 87' lang='grc'><strong>4,</strong></span> <span class='ocrx_word' id='word_1_597' title='bbox 1581 2586 1616 2627; x_wconf 86' lang='grc'><strong>2,</strong></span> <span class='ocrx_word' id='word_1_598' title='bbox 1638 2583 1705 2635; x_wconf 30' lang='grc' dir='ltr'><strong>63.-Ἰ</strong></span> 
     </span>
     <span class='ocr_line' id='line_1_65' title="bbox 208 2631 1699 2684; baseline -0.004 -13"><span class='ocrx_word' id='word_1_599' title='bbox 208 2640 281 2683; x_wconf 89' lang='lat' dir='ltr'><strong>juc.</strong></span> <span class='ocrx_word' id='word_1_600' title='bbox 309 2649 421 2683; x_wconf 77' lang='lat' dir='ltr'><strong>genus</strong></span> <span class='ocrx_word' id='word_1_601' title='bbox 445 2639 712 2674; x_wconf 83' lang='lat' dir='ltr'><strong>exercitationis</strong></span> <span class='ocrx_word' id='word_1_602' title='bbox 736 2642 770 2682; x_wconf 82' lang='lat'><strong>2,</strong></span> <span class='ocrx_word' id='word_1_603' title='bbox 794 2638 829 2681; x_wconf 86' lang='grc'><strong>4,</strong></span> <span class='ocrx_word' id='word_1_604' title='bbox 854 2639 910 2673; x_wconf 91' lang='grc'><strong>26.</strong></span> <span class='ocrx_word' id='word_1_605' title='bbox 957 2647 1077 2671; x_wconf 79' lang='lat' dir='ltr'><strong>mores</strong></span> <span class='ocrx_word' id='word_1_606' title='bbox 1101 2637 1199 2681; x_wconf 64' lang='lat' dir='ltr'><strong>juo„</strong></span> <span class='ocrx_word' id='word_1_607' title='bbox 1223 2644 1386 2683; x_wconf 80' lang='lat' dir='ltr'><strong>graves</strong></span> <span class='ocrx_word' id='word_1_608' title='bbox 1413 2631 1450 2684; x_wconf 74' lang='grc'><strong>4,</strong></span> <span class='ocrx_word' id='word_1_609' title='bbox 1470 2633 1511 2682; x_wconf 45' lang='grc'><strong>1,.</strong></span> <span class='ocrx_word' id='word_1_610' title='bbox 1530 2632 1585 2664; x_wconf 92' lang='lat'><strong>17.</strong></span> <span class='ocrx_word' id='word_1_611' title='bbox 1616 2639 1699 2665; x_wconf 70' lang='lat' dir='ltr'><strong>ota-</strong></span> 
     </span>
     <span class='ocr_line' id='line_1_66' title="bbox 210 2678 1697 2728; baseline -0.005 -10"><span class='ocrx_word' id='word_1_612' title='bbox 210 2683 345 2718; x_wconf 86' lang='lat' dir='ltr'><strong>tionem</strong></span> <span class='ocrx_word' id='word_1_613' title='bbox 376 2685 465 2727; x_wconf 86' lang='lat' dir='ltr'><strong>juc.‚</strong></span> <span class='ocrx_word' id='word_1_614' title='bbox 501 2697 574 2719; x_wconf 88' lang='lat' dir='ltr'><strong>non</strong></span> <span class='ocrx_word' id='word_1_615' title='bbox 599 2685 753 2720; x_wconf 76' lang='lat' dir='ltr'><strong>deformi</strong></span> <span class='ocrx_word' id='word_1_616' title='bbox 778 2685 984 2728; x_wconf 86' lang='lat' dir='ltr'><strong>voluptate,</strong></span> <span class='ocrx_word' id='word_1_617' title='bbox 1023 2684 1085 2717; x_wconf 87' lang='lat' dir='ltr'><strong>sed</strong></span> <span class='ocrx_word' id='word_1_618' title='bbox 1112 2693 1191 2717; x_wconf 86' lang='lat' dir='ltr'><strong>cum</strong></span> <span class='ocrx_word' id='word_1_619' title='bbox 1215 2681 1326 2715; x_wconf 73' lang='lat' dir='ltr'><strong>laude,</strong></span> <span class='ocrx_word' id='word_1_620' title='bbox 1343 2689 1384 2712; x_wconf 84' lang='lat' dir='ltr'><strong>ac</strong></span> <span class='ocrx_word' id='word_1_621' title='bbox 1417 2678 1586 2728; x_wconf 76' lang='lat' dir='ltr'><strong>dignitate</strong></span> <span class='ocrx_word' id='word_1_622' title='bbox 1609 2684 1697 2710; x_wconf 86' lang='lat' dir='ltr'><strong>con-</strong></span> 
     </span>
     <span class='ocr_line' id='line_1_67' title="bbox 211 2721 1712 2774; baseline -0.002 -11"><span class='ocrx_word' id='word_1_623' title='bbox 211 2731 367 2774; x_wconf 83' lang='lat' dir='ltr'><strong>junctam</strong></span> <span class='ocrx_word' id='word_1_624' title='bbox 392 2731 426 2772; x_wconf 82' lang='lat'><strong>8,</strong></span> <span class='ocrx_word' id='word_1_625' title='bbox 454 2731 510 2763; x_wconf 88' lang='lat' dir='ltr'><strong>Pr.</strong></span> <span class='ocrx_word' id='word_1_626' title='bbox 535 2733 593 2765; x_wconf 82' lang='lat'><strong>33.</strong></span> <span class='ocrx_word' id='word_1_627' title='bbox 618 2730 662 2771; x_wconf 87' lang='lat' dir='ltr'><strong>cs.</strong></span> <span class='ocrx_word' id='word_1_628' title='bbox 689 2734 731 2765; x_wconf 84' lang='lat' dir='ltr'><strong>ib.</strong></span> <span class='ocrx_word' id='word_1_629' title='bbox 755 2730 814 2766; x_wconf 88' lang='grc'><strong>74.</strong></span> <span class='ocrx_word' id='word_1_630' title='bbox 839 2731 873 2771; x_wconf 90' lang='grc'><strong>9,</strong></span> <span class='ocrx_word' id='word_1_631' title='bbox 897 2733 932 2773; x_wconf 90' lang='grc'><strong>2,</strong></span> <span class='ocrx_word' id='word_1_632' title='bbox 957 2730 1015 2765; x_wconf 88' lang='grc'><strong>63.</strong></span> <span class='ocrx_word' id='word_1_633' title='bbox 1062 2740 1102 2763; x_wconf 88' lang='lat' dir='ltr'><strong>os</strong></span> <span class='ocrx_word' id='word_1_634' title='bbox 1125 2729 1196 2773; x_wconf 80' lang='lat' dir='ltr'><strong>juo.</strong></span> <span class='ocrx_word' id='word_1_635' title='bbox 1222 2730 1279 2771; x_wconf 87' lang='lat'><strong>11,</strong></span> <span class='ocrx_word' id='word_1_636' title='bbox 1307 2726 1342 2767; x_wconf 87' lang='grc'><strong>3,</strong></span> <span class='ocrx_word' id='word_1_637' title='bbox 1375 2726 1433 2762; x_wconf 88' lang='grc'><strong>30.</strong></span> <span class='ocrx_word' id='word_1_638' title='bbox 1482 2732 1564 2774; x_wconf 35' lang='lat'>‘1¹10</span> <span class='ocrx_word' id='word_1_639' title='bbox 1575 2721 1712 2755; x_wconf 63' lang='lat' dir='ltr'><strong>End&amp;</strong></span> 
     </span>
    </p>

    <p class='ocr_par' dir='ltr' id='par_1_7' title="bbox 171 2767 1728 2823">
     <span class='ocr_line' id='line_1_68' title="bbox 171 2767 1728 2823; baseline -0.006 -14"><span class='ocrx_word' id='word_1_640' title='bbox 171 2783 174 2786; x_wconf 93' lang='grc'>’</span> <span class='ocrx_word' id='word_1_641' title='bbox 210 2776 247 2810; x_wconf 87' lang='lat' dir='ltr'><strong>in</strong></span> <span class='ocrx_word' id='word_1_642' title='bbox 271 2784 436 2810; x_wconf 87' lang='lat' dir='ltr'><strong>sermone</strong></span> <span class='ocrx_word' id='word_1_643' title='bbox 464 2775 555 2810; x_wconf 87' lang='lat' dir='ltr'><strong>hene</strong></span> <span class='ocrx_word' id='word_1_644' title='bbox 580 2787 601 2810; x_wconf 89' lang='lat' dir='ltr'><strong>a</strong></span> <span class='ocrx_word' id='word_1_645' title='bbox 625 2786 767 2821; x_wconf 88' lang='lat' dir='ltr'><strong>quoque</strong></span> <span class='ocrx_word' id='word_1_646' title='bbox 793 2775 968 2811; x_wconf 82' lang='lat' dir='ltr'><strong>dictorum</strong></span> <span class='ocrx_word' id='word_1_647' title='bbox 993 2774 1119 2809; x_wconf 87' lang='lat' dir='ltr'><strong>relatio</strong></span> <span class='ocrx_word' id='word_1_648' title='bbox 1147 2779 1184 2809; x_wconf 90' lang='lat' dir='ltr'><strong>et</strong></span> <span class='ocrx_word' id='word_1_649' title='bbox 1212 2772 1250 2807; x_wconf 86' lang='lat' dir='ltr'><strong>in</strong></span> <span class='ocrx_word' id='word_1_650' title='bbox 1284 2769 1401 2806; x_wconf 83' lang='lat' dir='ltr'><strong>causis</strong></span> <span class='ocrx_word' id='word_1_651' title='bbox 1428 2767 1559 2803; x_wconf 76' lang='lat' dir='ltr'><strong>aulis</strong></span> <span class='ocrx_word' id='word_1_652' title='bbox 1582 2769 1623 2812; x_wconf 87' lang='grc'><strong>2,</strong></span> <span class='ocrx_word' id='word_1_653' title='bbox 1657 2768 1693 2810; x_wconf 86' lang='grc'><strong>7,</strong></span> <span class='ocrx_word' id='word_1_654' title='bbox 1712 2797 1728 2823; x_wconf 58' lang='lat'><strong>2³</strong></span> 
     </span>
    </p>
   </div>
   <div class='ocr_carea' id='block_1_7' title="bbox 1704 1850 1728 2795">
    <p class='ocr_par' dir='ltr' id='par_1_8' title="bbox 1704 1850 1728 2795">
     <span class='ocr_line' id='line_1_69' title="bbox 1705 1850 1728 2012; baseline 0 -146"><span class='ocrx_word' id='word_1_655' title='bbox 1705 1850 1728 2012; x_wconf 95' lang='lat' dir='ltr'><strong>    </strong></span> 
     </span>
     <span class='ocr_line' id='line_1_70' title="bbox 1704 2012 1728 2601; baseline 0 -492"><span class='ocrx_word' id='word_1_656' title='bbox 1704 2012 1728 2601; x_wconf 95' lang='lat' dir='ltr'><strong>  </strong></span> 
     </span>
     <span class='ocr_line' id='line_1_71' title="bbox 1705 2601 1728 2795; baseline 0 0"><span class='ocrx_word' id='word_1_657' title='bbox 1705 2601 1728 2795; x_wconf 95' lang='lat' dir='ltr'><strong>   </strong></span> 
     </span>
    </p>
   </div>
  </div>
 </body>
</html>
