1728 3002
173 215 254 255 288
504 236 510 239 ἡ
735 218 910 263 Eretum
948 248 1004 255 --
1042 222 1152 267 Erro

221 328 365 377 astricta
388 329 473 376 ilia,
503 331 686 370 sedidem
709 334 873 371 velocior
893 337 934 380 8,
958 338 1003 382 3,
1026 340 1083 373 10.
1119 336 1178 383 [fe
1243 337 1358 376 ientes
1392 340 1464 387 (εἰσ
1498 343 1589 388 Sp.,·
1635 352 1717 389 opu,

222 380 325 413 Codd.
351 377 557 424 efferentis)
591 392 705 426 equos
731 382 844 417 frenis
873 383 1038 428 quibusd.
1066 388 1196 419 coerce
1255 397 1298 420 us
1336 388 1401 431 10,
1422 389 1469 432 3,
1494 391 1554 424 10.
1583 403 1618 425 v.
1642 392 1716 425 Ef-

218 423 354 469 fero.]
386 424 426 459 in
450 437 544 470 equo
567 428 742 463 velocitas
765 431 800 473 2,
822 431 882 473 20,
905 431 940 466 9.
977 430 1060 475 equi
1085 432 1130 465 ad
1161 443 1305 476 cursum
1324 433 1519 482 gignuntur
1545 438 1584 480 1,
1611 438 1653 480 1,
1681 439 1714 471 1.

216 472 405 506 traducere
429 483 560 517 equum
593 475 627 518 5,
660 478 716 518 11,
741 477 795 510 13.
829 487 1003 521 equorum
1033 489 1176 512 cursum
1210 479 1353 516 delicati
1381 479 1528 516 minutis
1549 483 1713 527 passibus

211 518 382 564 frangunt
405 518 440 562 9,
462 517 499 562 4,
526 522 593 554 113
617 522 664 555 N.
696 535 743 556 cr.
771 522 872 568 equis
894 523 1037 558 advecti
1073 527 1129 568 11,
1153 527 1190 568 2,
1214 528 1271 560 12.

169 562 361 604 Eretum.
392 587 426 609 υ.
451 575 743 625 clarigatio.

167 631 361 674 Erectus·
432 645 542 679 habet
561 658 663 681 mens
690 653 813 682 nostra
853 647 1056 684 sublime
1086 649 1256 695 quiddam
1282 656 1319 685 et
1354 657 1567 686 erectum
1596 650 1661 696 (a.
1684 657 1709 688 1.

214 689 330 734 rect.)
356 695 391 725 et
413 690 669 736 impatiens
692 693 965 739 superioris
996 699 1052 739 11,
1079 699 1112 740 1,
1139 698 1195 733 16.
1220 698 1291 733 hoc
1319 697 1438 743 (vultu)
1465 699 1619 733 erecti
1647 711 1710 734 su-

212 748 313 779 mus,
343 737 415 771 hoc
451 740 678 774 summissi
713 743 768 784 11,
794 743 830 784 3,
853 744 909 776 72.
944 753 1015 786 quo
1040 749 1160 777 essent
1182 744 1228 777 ad
1259 745 1436 791 agendum
1457 745 1652 781 erectiores
1674 747 1710 790 9,

211 781 246 826 4,
271 785 326 816 12.
352 785 546 828 plenum
567 792 603 820 et
626 793 832 821 erectum
862 787 1087 834 (eloquentiae
1109 789 1230 834 genus)
1253 802 1332 834 opp.
1362 801 1568 835 pressum
1594 795 1649 836 11,
1674 795 1708 836 1,

212 831 271 862 31.
297 835 438 865 erectae
464 831 593 866 circa
617 833 732 867 studia
755 834 884 868 mentis
907 836 941 877 1,
971 837 1005 878 3,
1032 837 1088 870 10.
1123 835 1161 870 in
1182 835 1376 871 certamine
1400 843 1520 871 erecta
1543 837 1629 872 totis
1651 838 1712 873 vi-

211 875 311 909 ribus
335 882 372 910 et
397 879 499 912 velut
523 879 689 914 omnibus
708 880 832 915 nervis
855 879 1053 915 intenditur
1089 879 1203 925 (vox)
1233 885 1298 925 11·,
1324 883 1369 926 3,
1392 883 1451 918 63.
1485 885 1644 918 erecta
1671 890 1709 918 et

210 923 455 958 concitata
477 935 572 960 voce
598 939 678 971 opp.
712 926 956 962 summissa
990 933 1097 973 atque
1121 934 1373 964 contracta
1393 931 1437 963 ib.
1461 930 1550 974 1753
1585 931 1710 967 vultus

209 968 365 1003 erectior
387 973 432 1005 ib.
465 970 544 1006 134.
1629 1014 1632 1015 γ

161 1013 295 1071 Ergo·
359 1026 407 1071 α)
436 1030 470 1061 in
498 1031 723 1064 conclusionet
753 1031 786 1073 5,
814 1027 871 1074 10,
905 1033 960 1065 11.
1000 1030 1034 1074 5,
1059 1029 1115 1074 14,
1138 1030 1197 1066 25.
1237 1032 1273 1075 8,
1297 1030 1332 1074 6,
1356 1030 1390 1066 5.
1425 1031 1460 1075 9,
1486 1033 1520 1076 1,
1543 1032 1579 1068 9³
1611 1033 1647 1076 9,
1671 1036 1708 1078 2,

206 1074 265 1108 81.
291 1073 349 1109 83.
373 1075 409 1116 9,
433 1076 468 1118 3,
491 1075 525 1110 6.
555 1076 621 1118 (α.
645 1080 667 1110 l.
694 1075 823 1122 igitur)
857 1080 891 1120 3,
919 1078 957 1121 6,
980 1080 1047 1112 103
1075 1082 1118 1112 Ζ.
1147 1078 1181 1120 5,
1208 1075 1264 1120 14,
1287 1079 1345 1112 31.
1376 1079 1433 1121 10,
1456 1076 1493 1121 4,
1521 1078 1557 1113 4.
1583 1079 1707 1114 odium

208 1119 358 1166 igitur
381 1120 417 1154 in
444 1132 563 1156 causa.
587 1139 631 1147 —
656 1124 789 1158 occidit
815 1134 926 1171 ergo
950 1130 1011 1158 aut
1033 1124 1134 1166 iure,
1168 1130 1229 1158 aut
1250 1123 1381 1167 injuria
1400 1127 1436 1166 7,
1461 1127 1496 1168 1,
1520 1123 1578 1159 34.
1606 1126 1706 1161 Non

207 1175 319 1213 ergo
343 1178 376 1199 v.
403 1168 519 1209 Non;
548 1179 635 1215 ergo
662 1170 734 1203 hoc
757 1181 900 1214 quoque
926 1181 994 1214 pro
1022 1170 1100 1204 aliis
1126 1169 1271 1214 ponitur
1293 1171 1329 1214 9,
1356 1172 1388 1214 1,
1416 1170 1449 1206 5.
1474 1169 1521 1212 cs.
1551 1172 1587 1214 9,
1613 1173 1648 1215 2,
1675 1175 1708 1206 1.

206 1214 264 1255 10,
286 1214 321 1254 2,
347 1213 401 1247 18.
426 1214 468 1255 β)
493 1216 526 1246 in
549 1216 822 1257 interrogatione:
851 1217 946 1286 Ergo
974 1217 1005 1250 si
1025 1227 1115 1250 vere
1141 1221 1308 1262 ageretur
1329 1233 1373 1240 —
1395 1216 1705 1269 prodidissemus'l

204 1259 238 1299 9,
262 1261 296 1299 2,
314 1259 373 1293 83.
397 1258 492 1305 Ergo
520 1270 588 1305 ego
614 1271 796 1306 nunquam
818 1261 915 1296 vici.
942 1262 978 1304 6,
1005 1263 1039 1303 3,
1060 1264 1118 1295 72.
1143 1261 1295 1295 Occides
1319 1262 1432 1308 ergo?
1453 1273 1485 1296 ει
1507 1269 1648 1307 potero.
1669 1265 1706 1308 9,

205 1307 246 1346 2,
280 1305 337 1339 91.
368 1310 492 1339 orator
514 1316 602 1352 ergo
625 1307 890 1342 Demosthenes
914 1318 990 1342 non
1015 1306 1106 1340 fuit?
1131 1307 1229 1351 atqui
1254 1307 1389 1341 malum
1414 1306 1535 1343 virum
1558 1309 1704 1355 accepi-

201 1361 281 1384 mus
306 1352 363 1394 12,
389 1353 423 1394 1,
446 1350 511 1394 14;
535 1353 701 1387 nullusne
727 1364 814 1401 ergo
843 1355 955 1388 decor
975 1353 1197 1387 adhibendus
1224 1353 1308 1388 est?
1336 1353 1416 1398 quis
1441 1355 1575 1403 negat?
1607 1357 1643 1399 8,
1667 1358 1704 1398 3,

201 1397 238 1432 9.
277 1408 363 1430 num
387 1408 475 1444 ergo
499 1398 646 1432 dubium
669 1399 750 1434 est?
788 1403 844 1443 10,
865 1402 898 1443 1,
922 1400 955 1435 5.
980 1410 1101 1434 nonne
1126 1409 1213 1447 ergo
1239 1398 1476 1446 refrigeretur
1497 1400 1551 1435 sic
1572 1402 1703 1437 calor?

201 1443 238 1486 9,
260 1441 297 1486 4,
322 1445 400 1478 113.
427 1455 492 1478 cur
515 1455 602 1492 ergo
624 1466 672 1472 —
697 1446 850 1490 putent?
874 1448 916 1480 ib.
943 1449 977 1481 7.
1000 1445 1173 1489 numquid
1194 1456 1282 1491 ergo
1306 1445 1393 1480 illuc
1417 1447 1579 1482 accedo?
1601 1449 1703 1493 6,»3,

202 1490 259 1530 79.
295 1489 416 1534 Quid
454 1502 564 1537 ergo
595 1497 732 1526 tantum
764 1498 818 1527 est
852 1491 938 1526 artis
971 1491 1010 1525 in
1034 1492 1262 1537 eloquentia?
1298 1494 1355 1534 12,
1381 1494 1414 1535 1,
1435 1495 1494 1528 33.
1517 1506 1552 1528 v.
1575 1494 1702 1541 Quis,

201 1536 265 1580 y).
286 1536 468 1571 orationem
500 1539 608 1581 denuo
643 1541 789 1582 excipit.-
825 1539 902 1586 Ego
934 1549 1014 1573 cum
1045 1538 1084 1572 in
1115 1537 1264 1585 gratiam
1294 1537 1463 1573 redierim
1495 1550 1576 1573 oum
1604 1539 1702 1585 App.

201 1580 373 1626 Claudio,
410 1588 446 1617 et
470 1583 647 1664 Σεάἰετὶιιι
668 1596 734 1630 per
758 1583 824 1620 Cu.
857 1585 1086 1630 Pompejum,
1111 1590 1148 1619 et
1177 1595 1247 1632 ego
1272 1594 1390 1632 ergo
1419 1595 1502 1620 cum
1529 1585 1701 1640 redierim

202 1630 283 1661 Cic.
319 1629 363 1672 9,
397 1631 440 1673 3,
497 1632 528 1664 1.

152 1672 303 1729 Erigo·
351 1684 385 1729 Ι)
412 1690 568 1731 proprie.-
604 1688 657 1722 ad
681 1692 814 1722 tectum
838 1687 951 1736 erigat
972 1685 1140 1732 (manus)
1177 1688 1294 1730 11‚=v3‚
1310 1687 1398 1739 Ji&
1423 1686 1474 1739 in
1505 1683 1695 1735 digitos

200 1733 387 1777 eriguntur
410 1736 446 1775 2,
469 1735 504 1776 3,
527 1735 562 1769 8.
590 1733 634 1768 in
658 1745 798 1780 ungues
827 1734 1015 1781 eriguntur
1039 1737 1096 1775 11,
1110 1736 1146 1776 3,
1177 1736 1256 1767 120.
1285 1733 1396 1779 digito
1412 1739 1591 1785 ‚quantum
1612 1736 1697 1788 plu-

195 1778 327 1811 rimum
349 1785 499 1822 possunt
520 1786 642 1814 erecto
669 1783 711 1814 ib.
733 1781 847 1814 altero
872 1785 1048 1823 erecto,
1074 1781 1187 1813 altero
1200 1784 1480 1831 'composito
1503 1782 1695 1825 supercilio

196 1826 240 1858 ib.
263 1823 321 1859 74.
373 1826 420 1867 11)
460 1830 596 1860 tumst..-
644 1832 792 1870 propter
811 1827 883 1860 hoc
906 1837 974 1860 nos
1001 1824 1246 1860 contumacius
1268 1835 1444 1877 erigamus
1466 1826 1513 1870 6,
1542 1828 1602 1861 Pr.
1634 1830 1693 1867 15.

195 1869 365 1905 libentius
383 1883 424 1905 se
445 1872 560 1915 prima
585 1872 702 1906 studia
725 1878 943 1916 tenerosque
965 1873 1150 1916 profectus
1175 1872 1221 1904 ad
1246 1871 1482 1906 imitationem
1512 1873 1694 1909 condisci-

193 1917 362 1960 pulorum
396 1917 536 1963 erigere
559 1921 595 1960 2,
617 1921 651 1961 3,
679 1920 732 1952 10.
772 1917 809 1951 in
829 1914 1111 1962 'superlationem
1136 1927 1280 1962 quoque
1304 1916 1461 1965 erigetur
1482 1916 1633 1964 (oraim,-
1658 1933 1693 1956 a.

193 1966 215 1997 l.
238 1962 277 1997 vi
302 1965 617 2008 superlationumq.
643 1962 768 2046 eriget)
794 1967 848 2016 12,
870 1967 927 2009 10,
947 1965 994 2000 62
1011 1966 1060 1999 Ν.
1081 1978 1152 2008 cr.,·
1176 1969 1333 1999 erecta
1355 1973 1451 2000 voce
1469 1977 1549 2010 opp.
1572 1977 1692 2001 sum-

191 2008 334 2043 missa
368 2013 423 2053 11,
454 2013 488 2054 3,
525 2011 605 2045 175.
631 2023 666 2047 v.
730 2016 902 2047 onclto.

144 2063 310 2120 Eripio.
355 2078 566 2122 frequenter
588 2079 871 2124 praepositiones
889 2091 1033 2126 quoque
1058 2078 1236 2124 copulatio
1258 2077 1327 2112 ista
1351 2077 1551 2131 corrumpit
1568 2095 1614 2103 —
1637 2078 1692 2116 sic

193 2123 345 2167 erepti
370 2124 418 2167 (a.
443 2129 466 2158 l.
492 2135 512 2158 e
536 2136 576 2158 re
601 2126 655 2170 p.)
681 2129 714 2169 1,
738 2129 772 2170 5,
797 2128 844 2164 69
867 2129 915 2162 Ν.
941 2141 1014 2171 ιϊ.;Δ
1030 2128 1142 2161 telum
1166 2125 1200 2160 ei
1222 2136 1243 2159 e
1266 2125 1614 2177 manibusereptum
1635 2128 1690 2179 (.‘¹·

192 2172 216 2202 l.
246 2176 410 2214 eruptum
435 2175 479 2204 al.
506 2171 671 2214 erutum)
710 2178 765 2206 est
789 2175 830 2217 5,
856 2177 920 2217 10,
944 2174 991 2210 69
1012 2174 1060 2207 Ν.
1098 2186 1145 2206 σν.
1181 2183 1250 2205 nec
1273 2182 1380 2204 armis
1411 2181 1496 2205 ere
1545 2177 1593 2204 ta
1615 2172 1686 2207 msi

190 2215 298 2249 armis
324 2227 431 2260 posse
463 2218 748 2262 retineri‘5,
764 2222 821 2261 10,
850 2220 928 2254 114.
955 2225 1077 2264 erepta
1101 2217 1191 2252 mihi
1216 2217 1391 2270 matrefi,
1413 2217 1472 2269 Pl}
1522 2237 1532 2250 ι
1581 2218 1640 2258 Π)
1662 2221 1686 2254 ἰ·

189 2273 222 2304 q.
246 2275 397 2297 servo.-
426 2263 612 2311 integritas
639 2271 701 2299 tua
722 2271 758 2299 te
781 2266 1029 2314 purgavit,
1059 2266 1176 2310 pudor
1197 2262 1395 2316 eripuit,
1426 2267 1502 2315 vita
1523 2268 1686 2316 anteacta

188 2310 398 2344 servavit
429 2313 473 2344 Gi
484 2323 512 2344 c.
538 2311 573 2353 8,
595 2311 629 2353 6,
655 2312 711 2346 56.
735 2318 774 2345 ut
796 2311 1003 2347 Cornelium
1026 2311 1104 2356 ipsa
1131 2311 1368 2344 confessioms
1390 2308 1520 2361 fiducia
1535 2319 1686 2363 ‘eripue-

186 2351 233 2385 rit
266 2354 309 2395 6,
336 2356 374 2397 5,
412 2358 475 2399 103
513 2367 585 2401 quo
620 2358 663 2391 L.
691 2358 882 2392 Murenam
917 2358 1046 2394 Cicero
1077 2355 1324 2407 accusantibus
1363 2356 1564 2408 clarissimis
1594 2355 1684 2391 viris

186 2398 360 2441 eripuisse
390 2402 582 2447 praecipue
621 2404 767 2439 videtur
798 2406 842 2449 6,
880 2407 899 2439 1
915 2428 926 2447 ,
961 2405 1019 2439 35.
1065 2413 1156 2448 quae
1195 2412 1323 2446 poenis
1352 2406 1481 2446 er1p1at
1510 2403 1684 2448 scelestos

184 2444 229 2485 2,
262 2446 327 2488 16,
356 2449 390 2480 2.
1554 2459 1559 2464 ⁴

137 2485 263 2528 El'l'O·
347 2502 399 2546 α)
423 2507 632 2547 simpliciter.-
663 2506 751 2540 mihi
775 2506 945 2542 videntur
979 2516 1142 2547 errasse,
1178 2503 1239 2548 qui
1263 2502 1493 2556 crediderunt
1521 2504 1557 2547 8,
1582 2503 1618 2548 6,
1641 2505 1678 2539 3.

183 2555 260 2578 non
282 2547 513 2583 mediocriter
537 2563 658 2586 errare
680 2554 720 2595 8,
744 2556 788 2595 2,
811 2555 846 2588 2.
869 2551 963 2598 Quid
995 2551 1025 2586 si
1049 2553 1145 2586 enim
1178 2550 1271 2584 dicat
1299 2560 1466 2601 ‘1¹¹¹⁸³.-
1491 2555 1604 2602 erret,
1638 2556 1680 2585 ut

183 2590 314 2634 opinor
338 2595 371 2634 3,
400 2595 433 2635 6,
459 2597 494 2629 6.
528 2596 682 2641 imperiti
718 2598 813 2632 enim
838 2598 1005 2642 judicant,
1031 2604 1066 2632 et
1088 2597 1147 2642 qui
1170 2597 1380 2642 frequenter
1402 2605 1440 2627 m
1465 2595 1536 2627 hoc
1560 2606 1677 2639 ipsum

179 2637 374 2671 fallendi
405 2639 475 2673 Sint
510 2643 608 2685 (Sp.
638 2643 763 2688 sunt),
797 2656 843 2679 ne
872 2650 1036 2678 errent
1062 2647 1097 2687 2,
1124 2647 1180 2686 17,
1205 2645 1250 2679 28
1273 2645 1316 2675 Z·
1345 2645 1523 2674 errantem
1548 2643 1678 2677 adver-

119 2716 121 2719 ,
179 2683 311 2716 sarium
336 2686 378 2726 6,
401 2684 443 2727 4,
467 2688 522 2719 17.
549 2699 619 2730 quo
644 2691 728 2723 dato
755 2697 929 2733 errasset,
963 2693 1019 2733 (ίη
1053 2696 1126 2724 lusu
1159 2692 1331 2724 duodecim
1364 2686 1587 2730 scripiorum)
1617 2689 1676 2724 38.

177 2728 303 2775 ignara
332 2731 480 2773 hujusce
502 2733 687 2768 doctrinae
711 2737 905 2779 loquacitas
931 2742 1043 2778 erret,
1066 2747 1215 2770 necesse
1252 2742 1305 2770 est
1328 2734 1384 2775 12,
1406 2735 1441 2774 2,
1463 2734 1524 2783 20·
1575 2731 1620 2777 β)
1643 2747 1674 2782 ⁰2

177 2777 292 2809 Ablat.
327 2784 385 2809 aut
402 2781 524 2811 Aecus.
558 2790 709 2822 quorum
726 2783 847 2824 opinio
866 2793 940 2816 non
961 2782 1128 2827 qualitate
1149 2783 1212 2817 sed
1229 2782 1338 2816 modo
1354 2783 1487 2830 §31'1'5W1t
1503 2781 1539 2821 2,
1557 2781 1615 2822 21,
1634 2783 1670 2814 2·

178 2832 226 2856 ne
253 2829 374 2857 errent
391 2825 471 2858 solo
491 2823 674 2859 ediscendi
691 2828 814 2861 labore
836 2831 891 2871 11,
912 2832 945 2872 2,
965 2831 1023 2865 20.
1044 2828 1075 2863 si
1095 2839 1171 2863 uno
1193 2830 1309 2864 verbo
1335 2829 1381 2863 sit
1402 2829 1559 2858 erratum
1579 2828 1616 2867 7,
1635 2827 1669 2869 3,
