1728 3002
163 217 248 260 454
682 247 684 250 ψ
875 214 970 272 lpse

216 327 342 371 quod
367 332 431 363 εἰσ.
459 332 516 373 10,
543 330 578 373 5,
601 331 637 367 8.
661 340 694 367 υ.
724 329 820 366 Vel.
846 327 892 375 β)
915 328 1018 373 ipsa
1051 328 1141 364 illa
1164 324 1318 373 α’φὲλεια
1347 331 1382 374 8,
1419 331 1455 374 5,
1481 332 1541 367 87.
1587 331 1632 373 (ᾔ.
1661 332 1696 374 6,

218 375 253 415 1,
277 372 335 408 45.
359 372 504 417 ipsam
526 375 667 410 illam
689 376 838 422 gratiam
861 374 1043 411 varietatis
1067 374 1201 410 amittet
1227 375 1262 418 9,
1287 378 1322 419 3,
1346 376 1381 411 4.
1407 376 1453 418 cf.
1491 379 1551 420 10,
1580 380 1614 421 5,
1642 379 1698 412 16.

217 418 308 454 haec
341 419 479 455 minora
512 427 594 456 sunt
626 421 730 466 ipso
763 422 853 456 illo
886 421 977 456 vitio
1015 421 1142 463 animi,
1183 422 1278 466 quod
1314 429 1376 456 eie.
1413 426 1478 467 12,
1508 424 1550 465 9,
1581 425 1616 459 9.
1659 429 1700 458 ut

218 463 364 509 ipsum
389 465 529 511 illud,
561 467 675 502 Silent
697 469 794 522 leges
818 468 911 502 inter
934 478 1030 501 arma
1055 469 1089 509 5,
1119 465 1175 509 14,
1204 470 1260 501 17.
1288 466 1332 508 ff
1367 470 1412 512 6,
1449 471 1488 512 1,
1513 469 1569 504 52.
1601 470 1636 512 8,
1663 472 1699 512 6,

217 509 274 545 68-
299 522 381 544 cum
412 511 531 557 ipsis
566 514 674 549 illis
708 516 871 550 diversas
902 513 1036 547 inter
1061 524 1107 547 se
1140 512 1233 546 tueri
1272 513 1459 558 opiniones
1489 524 1699 549 concessum

218 555 264 590 sit
287 559 343 600 12,
366 559 401 600 3,
427 560 460 593 8.
486 572 519 594 υ.
544 560 646 595 Ille.
673 571 740 605 pro
762 560 885 607 regina
901 559 1075 594 Berenice
1092 560 1185 603 apud
1206 558 1306 603 ipsa
1316 571 1351 592 m
1376 572 1469 595 eam
1493 562 1589 603 (Sp.
1621 560 1700 603 om.)

217 612 359 637 oausam
385 603 461 639 dixi
483 604 519 649 4,
546 608 579 650 1,
608 607 664 642 19.
689 611 733 641 Ζ.
759 607 798 651 γ)
822 617 1020 651 quanquam
1054 611 1089 639 et
1119 605 1155 638 ii
1188 604 1286 649 ipsi
1315 605 1409 640 inter
1443 618 1482 641 se
1516 605 1703 640 dissimiles

216 648 365 683 fuerunt
387 651 422 694 9,
449 649 484 694 4,
511 654 567 686 17.
614 663 774 687 eorum
796 652 1024 697 ipsorum,
1061 662 1084 685 a
1106 651 1233 695 quibus
1265 652 1451 686 laeduntur
1486 652 1527 695 6,
1564 655 1608 695 2,
1646 650 1702 686 14.

216 694 264 728 id
290 694 433 740 ipsum
460 697 588 732 vitium
611 701 648 741 2,
671 698 706 741 4,
732 700 766 735 9.
813 698 950 733 etiamsi
982 699 1190 742 frequenter
1223 701 1266 731 et
1302 697 1348 732 id
1383 697 1540 742 ipsum
1572 709 1703 732 nomen

215 741 406 785 complecti
432 745 549 777 solent
572 744 607 788 9,
634 747 667 788 1,
691 745 732 788 6;
763 742 812 778 id
844 745 999 789 ipsum
1031 749 1148 777 tamen
1173 748 1318 790 anguste
1345 744 1469 778 Zoilus
1499 743 1703 779 terminavit

217 787 253 830 9,
279 790 312 830 1,
339 787 396 822 14.
424 788 467 830 cf.
494 793 530 831 7,
551 792 587 833 2,
608 790 666 825 40.
693 790 851 836 ipsum
874 791 938 834 id,
970 790 1065 834 quod
1089 789 1226 825 vitabat
1257 791 1293 832 8,
1320 793 1354 833 2,
1375 792 1408 825 3.
1442 790 1487 824 id
1521 790 1608 833 ips.
1642 801 1703 823 um

215 833 374 868 adhuc
399 835 570 871 dividitur
603 840 645 880 7,
680 839 722 880 1,
754 837 811 872 62.
840 848 922 871 cnm
948 836 996 870 id
1021 836 1170 880 ipsum
1195 845 1322 869 omne
1346 836 1391 869 sit
1414 835 1584 878 oratoris,
1610 836 1706 880 quod

216 880 328 931 vulgo
356 891 468 927 genus
493 882 636 916 dicendi
658 888 794 918 vocant
815 885 872 924 12,
898 885 955 926 10,
979 883 1037 917 69.
1083 882 1142 927 qni
1165 881 1210 915 id
1233 881 1276 926 ip
1287 892 1338 925 s.‚
1373 882 1458 926 quid
1492 881 1705 916 abstinentia

216 930 282 968 sit,
315 925 456 971 ignoret
478 930 534 971 12,
559 931 594 972 2,
618 930 653 963 3.
678 928 722 962 id
745 928 832 973 ips.
857 929 896 962 in
921 927 1070 963 consilio
1102 927 1303 962 habendum
1336 934 1413 970 est,
1459 937 1534 961 non
1564 938 1706 971 semper

217 975 291 1005 tam
316 983 395 1006 esse
419 985 538 1008 acrem
560 974 688 1018 judicis
710 974 945 1009 intentionem
970 976 1005 1017 8,
1030 976 1065 1017 2,
1089 975 1145 1009 23.
1171 973 1233 1007 id'
1252 973 1355 1017 ips.,
1393 973 1515 1017 quod
1547 973 1704 1008 cedimus

217 1016 253 1059 6,
278 1020 312 1061 2,
340 1019 394 1053 16.
422 1019 468 1062 cfl
494 1022 529 1063 6,
552 1023 587 1063 3,
612 1020 670 1056 26.
696 1022 732 1064 8,
757 1024 791 1064 2,
818 1023 875 1055 21.
902 1031 975 1054 non
999 1030 1053 1054 eo
1075 1019 1180 1064 ipso
1216 1019 1459 1062 concitemur,
1494 1019 1706 1064 quod-sci-

217 1073 297 1097 mus
323 1066 380 1108 10,
403 1068 438 1108 2,
465 1065 496 1101 5.
545 1062 584 1111 ὃ)
608 1068 729 1111 quod
754 1066 906 1112 ipsum
929 1066 979 1101 ita
1004 1066 1082 1100 fieri
1106 1071 1248 1109 oportet
1269 1067 1306 1107 7,
1338 1068 1371 1109 1,
1397 1066 1453 1101 19.
1487 1065 1531 1106 cf.
1569 1066 1613 1108 5,
1649 1067 1706 1108 11,

219 1110 277 1143 10.
326 1112 390 1152 10,
426 1115 466 1154 1,,
504 1113 561 1147 68.
609 1115 673 1158 10,
709 1113 755 1154 6,
789 1115 826 1148 2.
872 1114 1001 1158 quod
1025 1111 1115 1156 ips.
1139 1110 1350 1156 compositio
1388 1117 1443 1145 est
1474 1111 1517 1154 9,
1556 1109 1602 1154 4,
1648 1113 1703 1146 17.

217 1152 279 1188 illa
303 1166 426 1199 quae
450 1157 554 1201 ipsa
587 1157 648 1202 (α.
682 1162 706 1192 l.
738 1159 804 1203 ips.
846 1157 909 1204 q.)
944 1160 1120 1192 delectant
1145 1159 1206 1198 10,
1246 1159 1292 1200 3,
1328 1159 1386 1191 23.
1435 1167 1551 1201 quae
1579 1155 1707 1200 ipsae

219 1207 354 1243 quanto
395 1204 548 1246 majores
581 1215 624 1238 ac
659 1204 881 1248 pulchriores
922 1204 1132 1239 viderentur
1164 1206 1229 1246 12,
1268 1205 1314 1245 2,
1358 1203 1393 1237 9.
1441 1202 1520 1247 qui
1551 1207 1671 1236 tame
1685 1214 1709 1237 n

219 1244 327 1289 ipse
351 1258 426 1281 non
448 1248 486 1282 in
512 1249 608 1282 omni
632 1250 790 1284 editione
815 1250 993 1293 reperitur
1017 1251 1058 1292 5,
1091 1252 1155 1291 11,
1191 1247 1250 1283 40.
1276 1247 1321 1289 cs.
1353 1251 1384 1291 1,
1419 1249 1453 1291 5,
1489 1249 1546 1284 63.
1585 1250 1708 1292 quod

219 1296 379 1326 tamen
401 1304 474 1327 non
497 1293 645 1338 ipsum
672 1300 745 1329 tam
766 1295 951 1338 probabile
975 1300 1061 1339 puto
1086 1297 1142 1337 10,
1166 1296 1202 1337 7,
1230 1294 1285 1328 19.
1332 1292 1367 1336 ε)
1392 1295 1430 1335 a)
1459 1306 1566 1338 quam
1597 1294 1709 1328 mihi

215 1336 329 1382 ipse
352 1339 588 1383 persuaserim
612 1342 657 1383 3,
690 1341 736 1383 6,
759 1340 817 1374 65.
864 1341 973 1384 judex
1002 1351 1049 1373 se
1073 1338 1140 1383 ips
1156 1350 1176 1372 e
1200 1339 1382 1382 componit
1407 1341 1462 1382 11,
1491 1341 1525 1382 3,
1555 1340 1633 1373 157.
1662 1337 1708 1380 cf.

221 1385 255 1424 1,
278 1386 315 1428 2,
342 1387 395 1419 10.
421 1386 454 1426 5,
483 1388 538 1428 10,
563 1385 642 1420 104.
669 1389 704 1429 7,
728 1389 762 1429 2,
787 1384 843 1419 24.
889 1385 950 1430 qui
973 1395 1056 1430 pro
1081 1396 1124 1419 se
1153 1384 1256 1428 ipse
1279 1384 1373 1418 dicat
1396 1386 1452 1426 11,
1478 1387 1510 1427 1,
1532 1382 1590 1419 49.
1627 1395 1709 1431 gra-

219 1428 288 1472 ua,
329 1441 435 1474 quam
456 1430 504 1464 in
527 1443 573 1465 se
596 1431 700 1476 ipse
723 1430 877 1466 maxime
900 1433 1006 1475 jactat
1030 1433 1093 1474 12,
1126 1432 1190 1473 10,
1223 1431 1258 1465 6.
1307 1430 1558 1464 obscuritatem
1589 1431 1710 1474 apud

222 1481 272 1509 se
296 1474 404 1520 ipse
428 1476 594 1511 discutiat
614 1479 660 1521 8,
694 1480 740 1520 2,
777 1479 834 1511 23.
856 1477 895 1511 id
919 1476 993 1512 Cic.
1029 1487 1046 1510 a
1061 1487 1115 1509 ua
1136 1475 1235 1519 ipse
1261 1485 1414 1518 persona
1443 1475 1615 1519 praecipit
1650 1478 1708 1518 10,

222 1521 257 1563 5,
284 1524 318 1555 2.
334 1534 396 1566 pes
425 1522 513 1557 sibi
538 1522 551 1556 i
593 1534 642 1558 se
669 1524 725 1567 (a.
752 1526 775 1556 1.
798 1522 883 1568 ipsi)
906 1523 1063 1569 jungitur
1085 1521 1123 1564 9,
1145 1521 1182 1564 4,
1206 1523 1284 1555 103.
1310 1519 1400 1555 sibi
1422 1519 1521 1564 ipsa
1548 1520 1708 1567 fatigatio

221 1566 384 1602 obstabat
405 1571 460 1611 11,
489 1572 524 1611 2,
572 1571 605 1604 3.
632 1568 678 1610 cs.
705 1571 762 1612 10,
786 1571 821 1611 3,
845 1571 902 1603 30.
956 1568 1050 1612 ipsi
1083 1572 1269 1601 nosmet
1300 1576 1466 1612 rogamus
1501 1568 1543 1607 9,
1575 1571 1621 1610 2,
1653 1570 1709 1601 11.

222 1613 366 1648 uobis
389 1612 432 1659 ip
446 1614 486 1648 si
511 1614 674 1662 fingimus
698 1614 1016 1657 contradictionem
1039 1617 1074 1656 7,
1101 1614 1136 1655 3,
1158 1615 1216 1655 2ος
1240 1613 1351 1660 bonas
1370 1623 1494 1646 causas
1518 1612 1601 1646 satis
1627 1623 1710 1657 per

222 1668 269 1693 se
292 1665 412 1694 tuetur
434 1660 567 1695 veritas
592 1660 698 1705 ipsa
723 1663 781 1704 12,
807 1663 840 1703 1,
869 1662 923 1694 33.
954 1658 998 1702 cf.
1023 1660 1058 1703 8,
1074 1660 1131 1692 Pr.
1158 1662 1214 1692 12.
1229 1659 1363 1692 factum
1384 1657 1528 1702 ipsum
1551 1670 1637 1703 per
1661 1669 1709 1693 se

223 1707 259 1748 7,
282 1704 318 1748 4,
342 1706 377 1740 9.
405 1705 451 1747 cs.
483 1707 528 1749 8,
554 1709 594 1750 3,
620 1708 679 1742 83.
705 1717 798 1752 quae
824 1703 1046 1750 (defensio),
1079 1704 1110 1739 si
1141 1715 1258 1748 neque
1281 1715 1362 1748 per
1395 1714 1443 1738 se
1465 1703 1574 1747 ipsa
1610 1704 1708 1748 (Sp.

223 1750 367 1795 ipsam),
384 1763 454 1787 nec
470 1752 703 1788 adhibitis
726 1752 929 1788 auxiliis
953 1751 1137 1794 dabitur7,
1153 1750 1190 1791 4,
1211 1752 1266 1785 13.
1292 1753 1337 1784 Ζ.
1362 1750 1403 1791 b)
1425 1747 1625 1794 sibiipsi
1651 1760 1709 1784 re-

222 1798 373 1842 sponsio
395 1800 431 1842 9,
455 1800 489 1841 3,
514 1800 570 1834 90.
593 1798 639 1840 os.
666 1802 724 1842 12,
737 1802 771 1842 1,
785 1801 842 1833 10.
867 1798 1016 1841 auxilia,
1038 1808 1128 1842 quae
1148 1795 1293 1830 nobi·
1311 1795 1433 1840 ipsis
1447 1796 1604 1839 paranda
1627 1800 1712 1830 sunt

223 1845 282 1887 10,
304 1846 340 1887 3,
365 1847 398 1880 1.
444 1844 688 1892 interrogandi
716 1856 767 1879 se
789 1843 958 1889 ipsum,
991 1849 1029 1878 et
1053 1841 1294 1887 respondendi
1317 1841 1386 1875 sibi
1407 1843 1443 1884 9,
1469 1844 1504 1884 2,
1530 1840 1586 1875 14.
1610 1851 1710 1875 nos-

222 1895 309 1924 met
331 1890 465 1935 ipsos
493 1891 706 1935 alloquimur
731 1893 788 1933 11,
814 1892 848 1933 3,
875 1889 962 1933 124;
1033 1888 1133 1935 litem
1163 1889 1270 1923 habet
1301 1886 1416 1939 (lex).
1438 1892 1499 1921 aut
1517 1893 1710 1931 propter

223 1935 304 1970 uei
346 1948 458 1980 sam,
489 1942 548 1970 aut
573 1942 717 1982 propter
741 1938 887 1971 alteram
910 1940 946 1979 7,
981 1936 1022 1978 5,
1057 1936 1090 1970 5.
1136 1945 1217 1968 cum
1251 1934 1296 1967 de
1330 1944 1376 1968 se
1406 1943 1512 1976 ipso
1545 1934 1709 1978 loquatur

225 1982 282 2024 11,
307 1948 344 2025 X,
368 1983 425 2018 89.
461 1981 632 2027 quidquid
655 1993 715 2018 ex
739 1994 786 2017 se
811 1982 914 2026 ipso
938 1987 1103 2016 movetur
1128 1982 1214 2015 Cic.
1239 1980 1272 2023 5,
1299 1979 1355 2023 14,
1386 1981 1439 2012 10.
1466 1984 1710 2030 argumentum

222 2037 283 2062 ex
306 2038 354 2062 se
375 2028 485 2072 ipso
508 2028 597 2073 petit
622 2031 678 2072 11,
709 2032 742 2071 1,
767 2029 821 2063 28.
847 2027 891 2070 cs.
919 2030 975 2066 10,
1005 2031 1038 2070 1,
1067 2027 1144 2061 109.
1193 2037 1272 2059 cum
1304 2025 1341 2059 in
1374 2025 1600 2071 gravissimas
1634 2026 1710 2059 fre-

224 2079 377 2117 quenter
398 2076 517 2120 legum
566 2083 675 2109 oenas
699 2086 720 2109 a
743 2080 893 2109 semet
915 2073 1042 2118 ipsis
1067 2073 1255 2105 induantur
1278 2073 1334 2114 12,
1363 2074 1395 2113 1,
1420 2072 1452 2104 3.
1487 2081 1577 2114 quae
1600 2081 1711 2105 con-

225 2124 296 2156 tra
320 2119 419 2164 (Sp.
444 2120 538 2155 inter
584 2126 730 2155 semet
753 2118 851 2165 ipsa
874 2125 1031 2166 pugnent
1056 2121 1089 2160 5,
1115 2118 1171 2159 13,
1195 2119 1242 2151 30
1263 2121 1306 2151 Ζ.
1333 2115 1431 2161 quasi
1459 2116 1553 2150 dicat
1578 2115 1710 2151 intra

224 2175 273 2199 se
295 2165 447 2210 ipsum
476 2168 530 2208 10,
555 2169 591 2208 7,
614 2167 671 2200 25.
695 2178 785 2212 quae
814 2165 949 2200 intra
980 2169 1164 2199 nosmet
1196 2162 1321 2206 ipsos
1352 2161 1614 2205 composuimus
1651 2165 1708 2204 11,

224 2211 260 2253 3,
283 2213 320 2245 2.
367 2222 448 2246 cum
468 2212 587 2256 ipsis
615 2211 724 2248 illis
752 2211 913 2247 diversas
936 2210 982 2245 in
997 2217 1071 2246 ter
1093 2219 1143 2243 se
1170 2208 1359 2253 opiniones
1384 2207 1474 2242 tuerl
1501 2217 1709 2241 concessum

225 2256 271 2291 sit
297 2259 337 2291 19
376 2259 398 2292 3
436 2258 460 2292 8
486 2259 532 2291 Ν.
1047 2285 1054 2295 .

315 2284 382 2344 11'1)
401 2283 438 2342 ὀ
467 2304 711 2348 conjunctione.
739 2302 780 2347 α)
804 2302 834 2337 si
859 2321 902 2329 --
930 2301 980 2346 ip
995 2312 1041 2335 se
1065 2309 1249 2344 quoque
1272 2297 1440 2333 historiae
1469 2305 1530 2332 etc.
1555 2298 1710 2333 lectione

223 2347 418 2393 discipulos
441 2348 651 2384 instmxerit
678 2353 713 2392 2,
743 2349 783 2391 5,
809 2353 841 2384 1.
867 2346 1043 2382 contraria
1067 2351 1119 2380 est
1144 2343 1284 2391 neganti
1308 2343 1545 2378 confessionis
1569 2345 1724 2378 simula-⁴

223 2393 297 2437 tio,
332 2396 395 2429 sed
415 2395 522 2438 ipsa
546 2406 737 2440 quoque
762 2395 912 2428 multum
934 2394 1041 2427 habet
1065 2386 1274 2424 urbanitatis
1298 2390 1332 2432 6,
1361 2392 1394 2430 3,
1417 2390 1476 2426 81.
1511 2388 1557 2431 cs.
1593 2391 1636 2433 9,
1674 2392 1708 2433 3,

224 2439 280 2472 55.
309 2443 352 2474 12
390 2443 424 2483 1,
454 2443 497 2475 17
510 2451 520 2484 ς
545 2451 625 2475 oum
646 2439 798 2474 Horatio
821 2449 912 2474 vero
936 2449 955 2472 e
969 2437 1080 2471 tiam
1104 2437 1282 2470 Homerus
1305 2436 1408 2480 ipse
1431 2435 1594 2470 videatur
1617 2434 1711 2481 (dor-

225 2467 365 2526 mitare5
392 2488 446 2529 10,
473 2490 506 2528 1,
534 2486 591 2520 24.
620 2488 784 2530 exempla
810 2484 1011 2530 potentiora
1031 2482 1171 2517 etiam
1195 2481 1341 2527 ipsis,
1385 2491 1477 2525 quae
1510 2482 1708 2524 traduntur,

226 2529 360 2564 artibus
384 2535 427 2570 ib,
461 2534 516 2566 15.
539 2533 733 2566 verborum
756 2536 868 2575 atque
892 2529 1046 2574 ipsius
1082 2527 1222 2563 etiam
1248 2526 1326 2562 soni
1353 2526 1548 2561 rusticitate
1581 2530 1637 2568 11,
1676 2529 1710 2568 3,

225 2576 280 2609 10·
307 2575 351 2616 cs·
380 2578 415 2619 6,
441 2581 473 2619 1,
499 2579 555 2613 38.
580 2580 614 2620 6,
639 2576 673 2621 2,
702 2578 756 2612 19.
781 2577 815 2619 8,
841 2578 896 2610 Pr.
924 2577 974 2610 15,
1005 2575 1039 2617 9,
1063 2573 1099 2616 4,
1124 2577 1181 2609 27.
1206 2572 1262 2607 43.
1290 2574 1365 2607 138.
1391 2575 1447 2614 11,
1474 2575 1506 2614 τι,
1530 2573 1585 2605 22.
1610 2573 1709 2616 met

226 2622 348 2662 ipse.-
382 2622 443 2655 illa
465 2623 610 2658 linearis
639 2623 732 2658 ratio
756 2628 801 2656 et
827 2621 935 2666 ipsa
959 2620 1145 2665 quidem
1173 2618 1266 2653 cadit
1295 2619 1502 2661 frequenter
1523 2616 1561 2662 in
1585 2627 1709 2651 causas

227 2668 259 2706 1,
289 2668 343 2708 10,
368 2666 425 2700 36.
475 2669 607 2702 Verum
636 2675 678 2703 et
702 2669 799 2713 ipse
825 2679 913 2710 rex,
947 2667 1099 2701 decenni
1122 2666 1217 2699 bello
1241 2664 1432 2699 exhaustus
1465 2682 1511 2689 —-
1546 2667 1582 2695 et
1613 2663 1710 2698 audit

225 2711 315 2744 haec
339 2718 401 2744 etc.
427 2713 460 2753 8,
487 2713 521 2753 4,
547 2717 601 2746 21.
627 2726 718 2757 quae
743 2720 788 2748 et
814 2715 921 2757 ipsa
944 2713 1166 2757 duplicantur
1195 2712 1230 2752 6,
1254 2713 1288 2752 1,
1311 2711 1367 2742 23.
1403 2707 1447 2749 qs.
1484 2707 1519 2751 5,
1549 2711 1606 2751 10,
1637 2708 1706 2751 743

225 2755 364 2790 interim
389 2763 523 2791 mutato
545 2759 688 2794 nomine
714 2758 945 2801 ἐπανάληψις
972 2758 1122 2799 dicitur,
1155 2762 1260 2799 atque
1291 2760 1344 2788 est
1377 2759 1420 2787 et
1445 2754 1591 2798 ipsum
1611 2753 1709 2788 inter

225 2803 403 2839 schemata
427 2804 461 2846 8,
486 2805 520 2847 3,
545 2805 586 2839 51
614 2805 661 2840 Ν.
685 2805 833 2839 facultas
858 2804 1020 2847 dicendi,
1063 2804 1093 2838 si
1123 2802 1161 2836 in
1194 2801 1305 2839 malos
1340 2799 1485 2844 incidit,
1533 2805 1576 2835 et
1603 2799 1708 2846 ipsa
