1728 3002
180 150 261 192 562
602 159 608 163 ·
725 142 904 200 Nequeo
936 168 991 179 -ν-
1018 143 1177 186 Nescio

179 300 181 302 ,
225 260 484 302 necessarium,
520 271 602 294 nec
629 265 701 293 tam
727 257 787 302 (α.
814 263 837 293 1.
860 269 932 293 non
957 257 1101 298 tamen)
1126 258 1174 293 sit
1194 259 1346 293 arduum
1371 262 1438 304 12,
1461 262 1507 306 3,
1531 261 1555 294 6
1579 260 1630 298 M
1671 261 1718 296 de

225 309 350 343 decem
374 308 530 342 millibus
554 307 654 340 uuna
679 306 929 341 controversia
951 311 1026 349 est,
1051 315 1144 350 quae
1164 316 1234 339 nec
1256 304 1309 349 (a.
1330 310 1352 339 1.
1376 305 1468 350 non)
1490 311 1660 352 petuntur
1681 310 1723 350 7,

225 353 264 397 4,
287 353 344 388 42.
382 355 444 387 sed
470 352 529 397 qui
554 352 707 393 virtutes
733 352 829 397 ipsas
851 357 971 386 mente
995 353 1207 396 complexus
1228 351 1278 385 ita
1300 352 1456 396 sentiat,
1480 363 1568 388 nec
1590 352 1627 387 in
1655 362 1722 387 co-

226 401 369 447 gitando
412 399 608 442 laborabit,
647 399 727 434 sed
767 398 832 443 (Z.
858 401 900 432 de
923 399 1008 439 conj.
1049 400 1115 441 Sp.
1153 396 1215 442 et)
1246 399 1341 442 quod
1365 398 1472 439 sciet,
1505 410 1596 443 vere
1625 398 1720 433 dicet

227 450 284 490 12,
309 450 342 487 2,
369 449 423 480 17.
480 447 604 479 Plures
626 445 825 489 verosqui
848 456 939 479 nec
959 446 1003 478 ab
1027 444 1098 478 illis
1123 445 1200 478 sine
1230 444 1339 478 dubio
1362 444 1521 490 partibus
1544 445 1722 479 rationem

210 493 352 527 ¹orandi
385 497 673 534 summoverent‚
707 492 779 525 hoc
811 497 962 525 tamen
993 491 1177 536 proprium
1204 491 1392 524 crederent
1418 502 1440 525 o
1465 500 1508 524 ns
1536 492 1578 533 5,
1601 492 1657 525 Pr.
1682 487 1720 525 2.

226 541 422 579 Neminem
445 540 505 572 hic
533 538 631 572 aliud
651 543 841 581 tractatur,
869 548 973 582 quam
997 545 1057 571 etc.
1085 537 1117 579 5,
1145 539 1200 580 10,
1225 537 1275 572 86
1287 537 1330 570 A(>
1353 536 1396 579 qs.
1418 540 1434 570 1
1465 563 1474 580 ,
1495 540 1528 580 1,
1546 539 1592 572 23
1609 538 1654 571 N.
1671 550 1720 571 cr.

178 619 185 623 ,
227 587 291 620 sed
321 597 402 619 nec
426 596 485 619 res
512 586 603 619 haec
630 591 757 618 statum
782 584 870 618 facit
892 586 926 619 3.
949 586 985 626 6,
1009 584 1068 618 76.
1095 582 1141 624 cs.
1169 587 1210 625 1,
1236 585 1276 622 5.
1302 583 1358 617 18.
1407 585 1546 617 Tamen
1569 593 1652 617 nec
1676 582 1721 616 iis

227 631 404 666 assentior
427 634 460 671 3,
486 632 522 674 9,
547 632 580 666 5.
630 630 789 674 [Verum
812 630 869 674 (Ζ.
895 630 976 671 om.)
1003 640 1090 664 nec
1119 630 1163 663 de
1185 629 1343 672 patr-ibus
1370 635 1509 663 tantum
1530 631 1663 675 loquor
1686 631 1720 672 1,

181 716 186 721 ,
229 682 262 721 1,
287 677 337 722 6]
364 677 497 722 alioqui
521 688 603 712 nec
627 678 823 712 scriberem
849 679 884 720 2,
911 678 966 718 13,
992 680 1027 711 7.
1055 677 1110 719 10,
1135 677 1170 719 3,
1193 679 1228 710 7.
1250 675 1513 723 v-Alioqui.¹

182 745 375 802 Nequeo·
425 768 474 791 ex
495 757 608 791 tribus
632 749 820 792 vocalibus
843 757 1019 802 syllabam
1043 754 1143 798 fieri3
1171 756 1298 799 quod
1320 754 1490 799 nequit
1516 754 1665 799 (Goth.
1692 762 1725 789 et

225 812 305 839 veit.
332 805 407 837 edd.
437 804 542 847 adjic.
567 802 677 847 fieri),
699 804 730 837 si
754 811 816 837 etc.
843 807 878 846 1,
896 805 932 847 4,
954 806 999 837 10
1015 806 1056 836 Z.
1094 801 1316 847 [nequeas
1341 800 1400 845 (Z.
1417 803 1460 834 cle
1480 802 1565 844 conj·
1578 812 1626 836 ne
1646 800 1725 846 qui)

179 853 193 859 “’
230 851 314 884 satis
344 854 440 884 torte
467 870 512 875 -
537 849 762 897 intelligere;
794 849 951 884 facias
984 849 1045 892 (Z.
1074 847 1295 894 intelligent:
1319 846 1470 889 facient)
1495 847 1638 891 quidem
1658 858 1726 881 na·

227 903 306 932 tura
331 898 421 930 duce
446 895 587 939 melius,
612 908 718 941 quam
744 901 819 930 arte
844 898 878 938 9,
902 894 939 938 4,
966 897 1040 929 120.
1059 893 1112 938 S.]
1143 905 1224 928 cum
1242 893 1468 928 iliamtunda
1484 892 1650 927 insistere
1666 893 1726 927 in-

225 943 345 987 vicem
371 954 393 976 n
404 955 424 977 e
435 954 517 987 que
529 947 606 976 ant
628 943 664 987 8,
679 945 715 987 5,
731 945 788 978 27.
813 942 896 987 quia
913 942 1073 986 subjecta
1091 940 1160 975 sibi
1183 939 1323 978 vocalis
1337 939 1377 973 in
1394 949 1505 975 unum
1523 941 1727 975 coalescere

228 990 393 1034 nequiret
417 992 449 1031 1,
474 992 510 1032 7,
532 989 593 1024 26.
1496 1014 1507 1020 .
1601 1006 1604 1008 v

180 1055 494 1112 Nequidquam·
539 1077 579 1102 se
605 1068 684 1101 solo
712 1066 951 1121 nequidquam
974 1054 1195 1113 intelligente
1223 1066 1259 1110 8,
1281 1067 1319 1110 2,
1342 1067 1379 1100 2.

181 1123 395 1180 Nequitia·
444 1135 809 1172 nocentissimis
836 1135 1051 1170 moribus
1086 1136 1170 1170 dare
1198 1134 1454 1179 instrumenta,
1491 1139 1535 1170 et>
1555 1134 1726 1181 nequi-

181 1220 186 1223 ,
227 1182 339 1215 tiam
363 1183 564 1226 praeceptis
587 1183 757 1226 adjuvare
781 1186 818 1227 2,
845 1185 900 1226 15,
923 1184 981 1217 32.
1178 1183 1188 1196 “·

180 1236 364 1280 Nervus·
424 1249 453 1289 Ι)
479 1254 640 1293 corporis.
676 1251 716 1292 α)
739 1243 895 1294 proprie}
936 1260 1018 1284 ossa
1043 1247 1190 1295 astringi
1216 1241 1338 1283 nervis
1362 1249 1434 1284 suis
1457 1250 1516 1284 Pr.
1540 1247 1598 1286 24.
1625 1247 1670 1295 β)
1692 1246 1726 1284 ἷιι

226 1296 377 1330 cithara.-
402 1306 596 1330 nervorum
623 1296 819 1329 concordia
842 1297 877 1338 5,
902 1299 957 1339 10,
984 1294 1063 1330 124.
1100 1306 1136 1328 n.
1164 1305 1274 1333 sonos
1300 1297 1333 1337 1,
1352 1293 1387 1337 4,
1403 1299 1439 1330 7.
1463 1297 1579 1340 spotia
1600 1290 1663 1330 illa
1686 1307 1728 1330 n.

226 1344 295 1383 12,
321 1343 387 1384 10,
412 1342 480 1383 68,
514 1341 603 1375 alios
629 1353 665 1375 n.
691 1343 818 1382 dextra
842 1346 1054 1385 percurrunt
1087 1339 1185 1384 (Sp.
1221 1340 1471 1384 percutiunt),
1493 1340 1597 1386 ,aiios
1620 1342 1728 1381 laevd

223 1387 389 1429 trahunt,
424 1387 632 1426 continent,
666 1387 839 1434 praebent
863 1390 905 1430 1,
933 1391 998 1430 12,
1021 1389 1055 1420 3.
1090 1387 1134 1419 ad
1168 1387 1313 1420 modum
1346 1383 1569 1430 percutiendi
1591 1388 1728 1424 nervo&

219 1436 284 1476 ’11,
310 1434 343 1475 3,
368 1434 425 1470 88.
467 1433 559 1467 sicut
581 1433 736 1474 cithara,
759 1433 815 1467 ita
841 1433 957 1467 omtio
982 1449 1025 1469 -,-
1051 1431 1216 1466 omnibus
1247 1431 1383 1470 intenta
1408 1444 1446 1466 n.
1468 1435 1505 1475 2,
1532 1434 1569 1477 8,
1605 1434 1664 1469 15.
1688 1445 1710 1468 υ

225 1480 342 1515 Vox.
386 1478 425 1524 y)
452 1481 486 1512 ὶη
510 1493 613 1513 arcu.-
641 1489 775 1514 nervos
801 1485 899 1513 retro
923 1477 1100 1513 tendimus
1122 1479 1234 1522 10,Ὶ3,,
1257 1477 1294 1518 ,6.
1342 1474 1380 1519 ὃ)
1405 1480 1448 1512 de
1473 1481 1632 1515 vinculis.-
1655 1490 1708 1515 nu

228 1527 313 1559 dum
339 1525 378 1558 in
405 1536 520 1560 nervo
544 1526 580 1569 6,
605 1527 639 1568 3,
663 1528 720 1560 72.
748 1523 795 1567 ΙΙ)
824 1530 939 1558 transl.
966 1527 1008 1558 de
1033 1526 1189 1564 viribus..
1215 1523 1257 1567 a)
1284 1528 1453 1568 corporis.-
1488 1525 1606 1561 mollis
1628 1527 1684 1569 :ed
1706 1552 1726 1557 „

183 1594 185 1596 -
228 1571 323 1606 catio
347 1583 479 1606 nervos
503 1582 628 1606 omnes
653 1576 689 1605 et
711 1571 840 1605 mentis
865 1577 900 1606 et
924 1569 1085 1615 corporis
1111 1569 1248 1616 frangit
1280 1572 1322 1614 1,
1347 1572 1397 1612 2..
1416 1571 1451 1606 6.
1488 1571 1574 1606 totis
1605 1571 1702 1607 viri

227 1618 310 1652 bus
347 1623 382 1651 et
405 1620 507 1653 velut
534 1617 700 1652 omnibus
732 1618 899 1653 nervis
923 1617 1120 1651 intenditur
1143 1616 1258 1660 (vox)
1286 1618 1343 1659 11,
1371 1618 1407 1658 3,
1429 1616 1487 1652 63.
1534 1617 1571 1662 β)
1606 1621 1675 1661 ing
1695 1638 1714 1661 χ

228 1667 414 1698 aliarumve
445 1677 578 1698 rerum:
604 1663 795 1708 plurimum
820 1663 1077 1711 sanguinis
1103 1662 1210 1707 etque
1239 1672 1494 1706 ner-vorum
1523 1665 1581 1707 (in
1601 1667 1675 1701 Arc
1701 1666 1710 1675 ⁸

228 1708 344 1753 locho)
375 1712 437 1749 10,
465 1713 505 1754 1,
533 1711 589 1745 60.
616 1709 663 1752 cs.
687 1711 728 1752 5,
755 1712 819 1753 11,
844 1711 901 1746 25,
950 1709 1115 1754 quibusd.
1143 1719 1246 1744 nerv.
1269 1707 1406 1745 intenta
1429 1714 1512 1743 sunt
1539 1710 1660 1754 onmia
1682 1711 1706 1753 (ι’

228 1756 414 1797 ΠεηιοειῘι.)
440 1759 493 1798 10,
519 1759 552 1799 1,
577 1757 646 1798 76;
675 1755 799 1801 nervis
828 1762 951 1791 carent
990 1755 1280 1800 (declamationes)
1317 1755 1352 1798 5,
1387 1757 1444 1798 12,
1470 1757 1534 1797 ,17,
1573 1754 1714 1793 ruinis

229 1802 358 1847 quibus
382 1814 488 1837 causa
512 1802 717 1837 continetur
740 1803 775 1846 5,
807 1804 842 1846 8,
866 1805 900 1837 2.
923 1814 955 1837 v.
984 1802 1241 1836 Amentum.
1624 1799 1627 1803 ⁴

183 1857 355 1901 NOSCiO·
420 1872 460 1904 ai
489 1876 550 1913 tu,
580 1877 700 1915 pater,
733 1870 880 1905 nescis?
915 1871 960 1913 9,
984 1873 1028 1913 2,
1051 1872 1109 1905 70.
1154 1869 1400 1905 nesciebamus
1422 1870 1519 1904 enim
1547 1871 1581 1913 1,
1605 1869 1641 1914 6,
1668 1873 1711 1913 1.¹

227 1915 310 1961 quia
335 1914 464 1960 (actor)
487 1923 526 1951 et
549 1929 605 1960 ap.
629 1927 694 1952 eos
717 1917 823 1960 dicat,
849 1916 910 1962 qui
932 1916 1104 1959 nesciant,
1129 1922 1166 1950 et
1184 1917 1262 1961 ipse
1286 1917 1381 1950 dicat
1401 1915 1606 1961 aliquando,
1630 1927 1714 1961 qun·

225 1962 362 1997 nesciat
386 1966 422 2006 2,
452 1965 510 2006 17,
536 1965 593 1998 36.
633 1964 694 2008 qui
716 1963 837 1998 literas
859 1963 1025 1997 nesciunt
1049 1961 1153 2005 6,-4,
1183 1964 1238 1996 15.
1271 1962 1427 1998 hominis
1451 1962 1586 2006 optima
1607 1961 1717 1998 nesc'.

227 2008 318 2043 entis
341 2011 398 2051 12,
424 2012 459 2051 2,
483 2011 541 2043 21.
588 2011 631 2054 β)
655 2023 722 2054 seq.
749 2009 814 2050 Ins:
842 2016 901 2042 aut
923 2013 1010 2042 Aoo.
1037 2022 1064 2042 c.
1091 2008 1156 2049 Ins:
1174 2023 1184 2040 :
1209 2008 1308 2052 loqui
1331 2008 1468 2042 nesciet
1485 2013 1519 2051 2,
1534 2010 1570 2051 3,
1587 2007 1619 2042 6.
1644 2007 1711 2053 qr*

229 2056 343 2089 nescit
369 2055 491 2101 ignes,
523 2067 632 2099 aquas
646 2063 714 2090 'eta
743 2057 934 2099 aliquando
959 2061 996 2089 et
1019 2065 1152 2088 nocere
1176 2057 1223 2097 2,
1249 2056 1312 2096 16,
1337 2056 1371 2089 6.
1419 2064 1526 2088 nemo
1552 2059 1628 2097 est,

227 2101 364 2138 nesciat
388 2109 448 2135 etc.
473 2103 508 2144 9,
533 2101 568 2143 4,
592 2104 650 2136 32.
689 2114 771 2136 cum
795 2108 830 2135 te
856 2103 1014 2135 docuero
1042 2101 1182 2134 nescire
1209 2100 1424 2135 maledicere
1447 2101 1483 2142 8,
1502 2102 1538 2142 3,
1555 2101 1614 2135 89.
1647 2099 1694 2143 ip

195 2175 197 2179 ,
229 2159 271 2181 ea
298 2150 403 2191 ptana
423 2158 506 2181 esse
531 2158 622 2181 non
645 2148 801 2183 nescit
827 2151 862 2190 2,
888 2151 944 2191 17,
968 2150 1026 2182 21.
1073 2148 1109 2190 γ)
1132 2159 1199 2190 seq.
1225 2149 1386 2180 sententia
1408 2149 1627 2188 interrogata
1651 2145 1707 2181 C..

229 2199 348 2227 autem
372 2193 543 2236 voluerit,
577 2194 700 2228 nescio
726 2195 869 2238 quidem
892 2195 939 2236 6,
963 2195 1009 2236 3,
1035 2191 1114 2227 104.
1161 2191 1314 2235 Nescio,
1350 2191 1412 2237 qui
1435 2191 1630 2227 conviciati
1654 2202 1710 2234 ⁸¹¹:

227 2242 272 2273 ib.
290 2241 347 2274 78.
359 2239 495 2273 etiamsi
519 2240 762 2283 nescierit,
787 2240 874 2285 quid
891 2247 952 2276 etc.
977 2237 1178 2282 7,1‚46.cs.
1194 2241 1248 2279 11,
1263 2239 1366 2281 2,29.
1395 2237 1542 2283 quid·(a·
1561 2241 1585 2272 1·
1609 2244 1695 2282 quo

229 2285 298 2320 sibi
337 2286 495 2320 maxime
533 2287 771 2327 conduceret,
813 2286 996 2320 nesciebat
1031 2287 1098 2327 11,
1131 2287 1173 2321 1,
1207 2287 1262 2318 12.
1328 2285 1417 2330 Quis
1449 2293 1541 2319 vero
1576 2284 1697 2323 nescia

230 2337 402 2376 quanto
433 2334 493 2372 (α.
518 2335 539 2366 1.
564 2331 670 2376 quin)
703 2330 798 2366 eliud
822 2331 964 2366 dicendi
990 2341 1103 2376 genus
1129 2336 1255 2373 poscat
1277 2331 1433 2376 gravitas
1459 2329 1638 2364 senatoria
1665 2332 1683 2364 1
1704 2355 1707 2357 -

230 2381 268 2420 1,
293 2376 338 2411 45
363 2379 412 2411 Ν.
439 2391 486 2412 cr.
509 2378 777 2412 nesciretur
811 2384 942 2419 tamen,
968 2381 1097 2420 quanta
1126 2377 1183 2410 vis
1216 2383 1311 2410 esset
1337 2377 1414 2420 ejus
1440 2383 1504 2410 eto.
1531 2377 1595 2418 11,
1618 2377 1662 2418 2,
1701 2399 1703 2401 ·

227 2425 408 2466 quomodo
432 2424 559 2457 debeat
581 2424 716 2458 amiciri
741 2423 933 2458 nescientis
956 2428 1008 2456 est
1034 2425 1087 2462 11,
1105 2423 1139 2464 3,
1162 2421 1238 2457 149.
1288 2420 1320 2464 δ)
1345 2436 1411 2468 seq.
1437 2425 1538 2455 Pron.
1557 2425 1613 2455 vel
1652 2431 1659 2439 ’
1684 2420 1691 2432 ³

228 2471 333 2501 iic-ula
357 2472 510 2512 interrog.
527 2484 537 2503 .·
566 2481 647 2504 esse
669 2471 769 2504 illum
791 2471 878 2513 (Sp.
902 2467 1021 2510 istum)
1050 2469 1210 2501 nescio
1235 2479 1362 2512 quem
1389 2478 1497 2502 unum
1509 2467 1617 2502 etiam
1649 2481 1689 2503 ἠ

227 2523 284 2555 eo,
307 2514 369 2557 qui
392 2515 430 2548 in
453 2515 588 2549 scholis
612 2517 772 2550 eruditur
796 2517 913 2558 1,2,9
935 2518 977 2548 Z.
1004 2526 1039 2547 n.
1066 2514 1123 2548 cui
1143 2514 1203 2547 alii
1224 2514 1323 2555 prius
1346 2517 1381 2557 9,
1395 2517 1428 2556 3,
1439 2516 1483 2547 21
1508 2525 1542 2547 v.
1567 2512 1648 2547 Ali
1668 2526 1684 2541 v»

228 2569 307 2592 esse
332 2560 453 2594 nescio
472 2573 591 2605 quam,
620 2573 711 2606 quae
723 2573 804 2605 spes
823 2566 938 2595 tantas
961 2562 1141 2604 decerpat,
1164 2559 1335 2594 iuvidiam
1359 2562 1394 2603 6,
1404 2561 1465 2595 Pr.
1476 2561 1532 2593 10.
1550 2563 1590 2592 ut
1609 2563 1690 2604 puni

227 2611 374 2648 quaerat
399 2606 486 2639 illud
511 2619 545 2641 n.
573 2608 659 2651 quid
684 2608 762 2652 ipse
787 2610 820 2651 9,
843 2610 878 2650 2,
904 2609 961 2640 71.
979 2619 1010 2640 υ.
1032 2607 1136 2640 Ille.
1170 2606 1276 2640 lateat
1297 2611 1415 2639 tamen
1437 2615 1472 2639 n.
1499 2603 1597 2649 quid,
1671 2606 1674 2607 ⁷

227 2651 379 2693 supersit
406 2658 466 2684 aut
491 2653 582 2686 desit
604 2654 651 2695 9»,
676 2655 719 2696 4,
745 2652 802 2689 84.
845 2663 925 2687 cum
950 2653 994 2686 ab
1023 2661 1066 2686 eo
1090 2663 1127 2685 n.
1151 2652 1238 2695 quid
1259 2651 1422 2695 improbe
1449 2655 1588 2694 peteret
1620 2649 1705 2698 'it—'-

226 2695 294 2737 953
329 2702 370 2728 ut
400 2697 443 2729 de
477 2698 662 2733 Germanis
692 2700 868 2734 dicentem
904 2699 1082 2742 quendam
1117 2697 1265 2740 audivi,
1305 2703 1411 2742 caput
1445 2695 1683 2731 nesciet:

223 2739 428 2786 impositum
452 2743 495 2786 8,
521 2745 564 2787 5,
589 2743 636 2778 24
651 2746 798 2791 Ν.ἐχιιὶ
829 2744 997 2782 nescio
1030 2754 1119 2790 quo
1154 2745 1288 2780 modo
1321 2754 1368 2779 ex
1391 2753 1487 2781 voce
1510 2742 1635 2778 etim·-
1662 2756 1665 2769 =
