<?xml version="1.0" encoding="UTF-8"?>
<!DOCTYPE html PUBLIC "-//W3C//DTD XHTML 1.0 Transitional//EN"
    "http://www.w3.org/TR/xhtml1/DTD/xhtml1-transitional.dtd">
<html xmlns="http://www.w3.org/1999/xhtml" xml:lang="en" lang="en">
 <head>
  <title>
</title>
<meta http-equiv="Content-Type" content="text/html;charset=utf-8" />
  <meta name='ocr-system' content='tesseract 3.04.00' />
  <meta name='ocr-capabilities' content='ocr_page ocr_carea ocr_par ocr_line ocrx_word'/>
</head>
<body>
  <div class='ocr_page' id='page_1' title='image "./lexiconquintilia06bonnuoft_1095.png"; bbox 0 0 1742 2964; ppageno 0'>
   <div class='ocr_carea' id='block_1_1' title="bbox 429 103 1149 164">
    <p class='ocr_par' dir='ltr' id='par_1_1' title="bbox 429 103 1149 164">
     <span class='ocr_line' id='line_1_1' title="bbox 429 103 1149 164; baseline -0.001 -15"><span class='ocrx_word' id='word_1_1' title='bbox 429 104 566 150; x_wconf 79' lang='lat' dir='ltr'><strong>Index</strong></span> <span class='ocrx_word' id='word_1_2' title='bbox 601 103 833 152; x_wconf 85' lang='lat' dir='ltr'><strong>Nominum</strong></span> <span class='ocrx_word' id='word_1_3' title='bbox 861 106 1149 164; x_wconf 70' lang='lat' dir='ltr'><strong>propriorum.</strong></span> 
     </span>
    </p>
   </div>
   <div class='ocr_carea' id='block_1_2' title="bbox 43 210 764 265">
    <p class='ocr_par' dir='ltr' id='par_1_2' title="bbox 43 210 764 265">
     <span class='ocr_line' id='line_1_2' title="bbox 43 210 764 265; baseline -0.001 -10"><span class='ocrx_word' id='word_1_4' title='bbox 43 247 51 255; x_wconf 86' lang='lat'><strong>.</strong></span> <span class='ocrx_word' id='word_1_5' title='bbox 76 218 276 264; x_wconf 71' lang='lat' dir='ltr'><strong>composita</strong></span> <span class='ocrx_word' id='word_1_6' title='bbox 300 218 423 254; x_wconf 78' lang='lat' dir='ltr'><strong>durius</strong></span> <span class='ocrx_word' id='word_1_7' title='bbox 449 210 551 265; x_wconf 72' lang='lat' dir='ltr'><strong>putat</strong></span> <span class='ocrx_word' id='word_1_8' title='bbox 573 220 620 265; x_wconf 82' lang='lat'><strong>9,</strong></span> <span class='ocrx_word' id='word_1_9' title='bbox 646 220 684 265; x_wconf 84' lang='lat'><strong>4,</strong></span> <span class='ocrx_word' id='word_1_10' title='bbox 705 221 764 256; x_wconf 87' lang='lat'><strong>15.</strong></span> 
     </span>
    </p>
   </div>
   <div class='ocr_carea' id='block_1_3' title="bbox 6 276 763 322">
    <p class='ocr_par' dir='ltr' id='par_1_3' title="bbox 6 276 763 322">
     <span class='ocr_line' id='line_1_3' title="bbox 6 276 763 322; baseline 0.003 -11"><span class='ocrx_word' id='word_1_11' title='bbox 6 304 9 305; x_wconf 16' lang='grc' dir='ltr'><em>γ</em></span> <span class='ocrx_word' id='word_1_12' title='bbox 49 303 51 307; x_wconf 93' lang='grc'><strong>.</strong></span> <span class='ocrx_word' id='word_1_13' title='bbox 73 276 119 311; x_wconf 84' lang='grc' dir='ltr'><strong>Εἰ</strong></span> <span class='ocrx_word' id='word_1_14' title='bbox 141 276 362 312; x_wconf 72' lang='lat' dir='ltr'><strong>contionanti</strong></span> <span class='ocrx_word' id='word_1_15' title='bbox 393 283 476 322; x_wconf 85' lang='lat' dir='ltr'><strong>post</strong></span> <span class='ocrx_word' id='word_1_16' title='bbox 501 289 583 313; x_wconf 87' lang='lat' dir='ltr'><strong>eum</strong></span> <span class='ocrx_word' id='word_1_17' title='bbox 608 277 763 313; x_wconf 81' lang='lat' dir='ltr'><strong>musicus</strong></span> 
     </span>
    </p>
   </div>
   <div class='ocr_carea' id='block_1_4' title="bbox 72 334 764 670">
    <p class='ocr_par' dir='ltr' id='par_1_4' title="bbox 72 334 764 670">
     <span class='ocr_line' id='line_1_4' title="bbox 74 334 764 379; baseline 0.003 -11"><span class='ocrx_word' id='word_1_18' title='bbox 74 334 192 369; x_wconf 82' lang='lat' dir='ltr'><strong>fistula</strong></span> <span class='ocrx_word' id='word_1_19' title='bbox 215 335 364 379; x_wconf 84' lang='lat' dir='ltr'><strong>modos,</strong></span> <span class='ocrx_word' id='word_1_20' title='bbox 386 335 514 379; x_wconf 86' lang='lat' dir='ltr'><strong>quibus</strong></span> <span class='ocrx_word' id='word_1_21' title='bbox 537 335 684 370; x_wconf 76' lang='lat' dir='ltr'>deberet</span> <span class='ocrx_word' id='word_1_22' title='bbox 709 335 764 370; x_wconf 80' lang='lat' dir='ltr'><strong>in-</strong></span> 
     </span>
     <span class='ocr_line' id='line_1_5' title="bbox 74 389 763 436; baseline 0.006 -12"><span class='ocrx_word' id='word_1_23' title='bbox 74 389 186 433; x_wconf 77' lang='lat' dir='ltr'><strong>tendi,</strong></span> <span class='ocrx_word' id='word_1_24' title='bbox 202 390 469 436; x_wconf 66' lang='lat' dir='ltr'><strong>minian-aban,</strong></span> <span class='ocrx_word' id='word_1_25' title='bbox 483 394 540 436; x_wconf 90' lang='grc'><strong>10,</strong></span> <span class='ocrx_word' id='word_1_26' title='bbox 553 395 610 427; x_wconf 87' lang='grc'><strong>27.</strong></span> <span class='ocrx_word' id='word_1_27' title='bbox 633 392 763 428; x_wconf 88' lang='lat' dir='ltr'><strong>Actio-</strong></span> 
     </span>
     <span class='ocr_line' id='line_1_6' title="bbox 72 444 761 493; baseline 0.004 -12"><span class='ocrx_word' id='word_1_28' title='bbox 72 457 122 482; x_wconf 97' lang='lat' dir='ltr'><strong>ne</strong></span> <span class='ocrx_word' id='word_1_29' title='bbox 154 444 339 493; x_wconf 70' lang='lat' dir='ltr'><strong>Gracchus</strong></span> <span class='ocrx_word' id='word_1_30' title='bbox 367 448 405 482; x_wconf 89' lang='lat' dir='ltr'><strong>in</strong></span> <span class='ocrx_word' id='word_1_31' title='bbox 443 449 606 484; x_wconf 83' lang='lat' dir='ltr'><strong>deflenda</strong></span> <span class='ocrx_word' id='word_1_32' title='bbox 641 449 761 484; x_wconf 71' lang='lat' dir='ltr'><strong>fratris</strong></span> 
     </span>
     <span class='ocr_line' id='line_1_7' title="bbox 73 503 762 550; baseline 0.006 -13"><span class='ocrx_word' id='word_1_33' title='bbox 73 513 164 538; x_wconf 89' lang='lat' dir='ltr'><strong>nece</strong></span> <span class='ocrx_word' id='word_1_34' title='bbox 196 503 304 538; x_wconf 89' lang='lat' dir='ltr'><strong>totius</strong></span> <span class='ocrx_word' id='word_1_35' title='bbox 333 505 458 550; x_wconf 87' lang='lat' dir='ltr'><strong>populi</strong></span> <span class='ocrx_word' id='word_1_36' title='bbox 481 505 631 540; x_wconf 88' lang='lat' dir='ltr'><strong>Romani</strong></span> <span class='ocrx_word' id='word_1_37' title='bbox 655 506 762 541; x_wconf 87' lang='lat' dir='ltr'><strong>lacri-</strong></span> 
     </span>
     <span class='ocr_line' id='line_1_8' title="bbox 72 561 760 607; baseline 0.007 -14"><span class='ocrx_word' id='word_1_38' title='bbox 72 570 148 594; x_wconf 86' lang='lat' dir='ltr'><strong>mas</strong></span> <span class='ocrx_word' id='word_1_39' title='bbox 171 561 366 598; x_wconf 77' lang='lat' dir='ltr'><strong>concitavit</strong></span> <span class='ocrx_word' id='word_1_40' title='bbox 388 564 447 606; x_wconf 98' lang='grc'><strong>11,</strong></span> <span class='ocrx_word' id='word_1_41' title='bbox 467 564 502 606; x_wconf 83' lang='grc'><strong>3,</strong></span> <span class='ocrx_word' id='word_1_42' title='bbox 516 564 552 599; x_wconf 89' lang='grc'><strong>8.</strong></span> <span class='ocrx_word' id='word_1_43' title='bbox 578 566 760 607; x_wconf 76' lang='lat' dir='ltr'><strong>Fmgmen-</strong></span> 
     </span>
     <span class='ocr_line' id='line_1_9' title="bbox 72 618 626 670; baseline 0.013 -21"><span class='ocrx_word' id='word_1_44' title='bbox 72 623 142 650; x_wconf 76' lang='lat' dir='ltr'><strong>tum</strong></span> <span class='ocrx_word' id='word_1_45' title='bbox 164 618 264 662; x_wconf 74' lang='lat' dir='ltr'><strong>hujus</strong></span> <span class='ocrx_word' id='word_1_46' title='bbox 287 622 444 653; x_wconf 75' lang='lat' dir='ltr'><strong>orationis</strong></span> <span class='ocrx_word' id='word_1_47' title='bbox 477 620 626 670; x_wconf 47' lang='lat'><strong>1713115.</strong></span> 
     </span>
    </p>
   </div>
   <div class='ocr_carea' id='block_1_5' title="bbox 7 683 759 1133">
    <p class='ocr_par' dir='ltr' id='par_1_5' title="bbox 7 683 759 1133">
     <span class='ocr_line' id='line_1_10' title="bbox 7 683 759 732; baseline 0.009 -15"><span class='ocrx_word' id='word_1_48' title='bbox 7 683 239 725; x_wconf 19' lang='lat' dir='ltr'><strong>*Gracchi</strong></span> <span class='ocrx_word' id='word_1_49' title='bbox 262 689 301 731; x_wconf 86' lang='grc'><strong>2,</strong></span> <span class='ocrx_word' id='word_1_50' title='bbox 325 687 383 730; x_wconf 89' lang='grc'><strong>16,</strong></span> <span class='ocrx_word' id='word_1_51' title='bbox 405 689 439 725; x_wconf 86' lang='grc'><strong>5.</strong></span> <span class='ocrx_word' id='word_1_52' title='bbox 463 689 502 730; x_wconf 87' lang='grc'><strong>5,</strong></span> <span class='ocrx_word' id='word_1_53' title='bbox 525 690 583 731; x_wconf 88' lang='grc'><strong>11,</strong></span> <span class='ocrx_word' id='word_1_54' title='bbox 604 689 641 726; x_wconf 86' lang='grc'><strong>6.</strong></span> <span class='ocrx_word' id='word_1_55' title='bbox 664 691 700 732; x_wconf 87' lang='grc'><strong>8,</strong></span> <span class='ocrx_word' id='word_1_56' title='bbox 724 691 759 732; x_wconf 88' lang='lat'><strong>5,</strong></span> 
     </span>
     <span class='ocr_line' id='line_1_11' title="bbox 68 742 759 790; baseline 0.007 -15"><span class='ocrx_word' id='word_1_57' title='bbox 68 742 127 775; x_wconf 84' lang='lat'><strong>33.</strong></span> <span class='ocrx_word' id='word_1_58' title='bbox 150 743 209 786; x_wconf 79' lang='grc'><strong>12,</strong></span> <span class='ocrx_word' id='word_1_59' title='bbox 233 746 290 787; x_wconf 91' lang='grc'><strong>10,</strong></span> <span class='ocrx_word' id='word_1_60' title='bbox 315 746 370 779; x_wconf 90' lang='grc'><strong>10.</strong></span> <span class='ocrx_word' id='word_1_61' title='bbox 393 743 452 779; x_wconf 86' lang='grc'><strong>45.</strong></span> <span class='ocrx_word' id='word_1_62' title='bbox 478 747 609 790; x_wconf 71' lang='lat' dir='ltr'><strong>antique</strong></span> <span class='ocrx_word' id='word_1_63' title='bbox 632 746 759 780; x_wconf 92' lang='lat' dir='ltr'><strong>Gracci</strong></span> 
     </span>
     <span class='ocr_line' id='line_1_12' title="bbox 67 801 758 848; baseline 0.01 -17"><span class='ocrx_word' id='word_1_64' title='bbox 67 801 181 831; x_wconf 73' lang='lat' dir='ltr'><strong>vocati</strong></span> <span class='ocrx_word' id='word_1_65' title='bbox 203 801 237 842; x_wconf 92' lang='lat'><strong>1,</strong></span> <span class='ocrx_word' id='word_1_66' title='bbox 267 802 303 844; x_wconf 88' lang='lat'><strong>5,</strong></span> <span class='ocrx_word' id='word_1_67' title='bbox 328 803 388 836; x_wconf 86' lang='lat'><strong>20.</strong></span> <span class='ocrx_word' id='word_1_68' title='bbox 425 801 558 835; x_wconf 86' lang='lat' dir='ltr'><strong>Eorum</strong></span> <span class='ocrx_word' id='word_1_69' title='bbox 585 804 758 848; x_wconf 85' lang='lat' dir='ltr'><strong>eloquen-</strong></span> 
     </span>
     <span class='ocr_line' id='line_1_13' title="bbox 65 853 757 904; baseline 0.01 -17"><span class='ocrx_word' id='word_1_70' title='bbox 65 853 138 888; x_wconf 88' lang='lat' dir='ltr'><strong>tiae</strong></span> <span class='ocrx_word' id='word_1_71' title='bbox 161 857 310 890; x_wconf 88' lang='lat' dir='ltr'><strong>multum</strong></span> <span class='ocrx_word' id='word_1_72' title='bbox 333 858 526 893; x_wconf 78' lang='lat' dir='ltr'><strong>contulisse</strong></span> <span class='ocrx_word' id='word_1_73' title='bbox 557 859 757 904; x_wconf 84' lang='lat' dir='ltr'><strong>accepimus</strong></span> 
     </span>
     <span class='ocr_line' id='line_1_14' title="bbox 67 908 756 959; baseline 0.009 -13"><span class='ocrx_word' id='word_1_74' title='bbox 67 910 274 946; x_wconf 81' lang='lat' dir='ltr'><strong>Corneliam</strong></span> <span class='ocrx_word' id='word_1_75' title='bbox 310 908 459 949; x_wconf 80' lang='lat' dir='ltr'><strong>matrem</strong></span> <span class='ocrx_word' id='word_1_76' title='bbox 483 919 525 958; x_wconf 88' lang='lat'><strong>1,</strong></span> <span class='ocrx_word' id='word_1_77' title='bbox 559 918 600 959; x_wconf 91' lang='lat'><strong>1,</strong></span> <span class='ocrx_word' id='word_1_78' title='bbox 631 918 666 952; x_wconf 90' lang='grc'><strong>6.</strong></span> <span class='ocrx_word' id='word_1_79' title='bbox 714 919 756 952; x_wconf 91' lang='lat' dir='ltr'><strong>In</strong></span> 
     </span>
     <span class='ocr_line' id='line_1_15' title="bbox 68 968 756 1016; baseline 0.01 -14"><span class='ocrx_word' id='word_1_80' title='bbox 68 968 324 1014; x_wconf 85' lang='lat' dir='ltr'><strong>Gracchorum,</strong></span> <span class='ocrx_word' id='word_1_81' title='bbox 347 969 578 1016; x_wconf 80' lang='lat' dir='ltr'><strong>Catonisque,</strong></span> <span class='ocrx_word' id='word_1_82' title='bbox 603 979 639 1007; x_wconf 89' lang='lat' dir='ltr'><strong>et</strong></span> <span class='ocrx_word' id='word_1_83' title='bbox 666 973 756 1009; x_wconf 87' lang='lat' dir='ltr'><strong>alio-</strong></span> 
     </span>
     <span class='ocr_line' id='line_1_16' title="bbox 66 1025 757 1068; baseline 0.012 -10"><span class='ocrx_word' id='word_1_84' title='bbox 66 1035 147 1058; x_wconf 89' lang='lat' dir='ltr'><strong>rum</strong></span> <span class='ocrx_word' id='word_1_85' title='bbox 179 1025 345 1062; x_wconf 82' lang='lat' dir='ltr'><strong>similium</strong></span> <span class='ocrx_word' id='word_1_86' title='bbox 379 1029 545 1068; x_wconf 45' lang='lat' dir='ltr'><strong>lectione,</strong></span> <span class='ocrx_word' id='word_1_87' title='bbox 565 1030 757 1067; x_wconf 87' lang='lat' dir='ltr'><strong>durescunt</strong></span> 
     </span>
     <span class='ocr_line' id='line_1_17' title="bbox 65 1081 755 1133; baseline 0.013 -19"><span class='ocrx_word' id='word_1_88' title='bbox 65 1081 188 1126; x_wconf 85' lang='lat' dir='ltr'><strong>pueri:</strong></span> <span class='ocrx_word' id='word_1_89' title='bbox 222 1083 310 1130; x_wconf 78' lang='lat' dir='ltr'><strong>fient</strong></span> <span class='ocrx_word' id='word_1_90' title='bbox 345 1085 439 1119; x_wconf 89' lang='lat' dir='ltr'><strong>euim</strong></span> <span class='ocrx_word' id='word_1_91' title='bbox 473 1086 610 1120; x_wconf 86' lang='lat' dir='ltr'><strong>horridi</strong></span> <span class='ocrx_word' id='word_1_92' title='bbox 639 1084 755 1133; x_wconf 66' lang='lat' dir='ltr'><strong>&#39;atque</strong></span> 
     </span>
    </p>
   </div>
   <div class='ocr_carea' id='block_1_6' title="bbox 0 1138 755 1192">
    <p class='ocr_par' dir='ltr' id='par_1_6' title="bbox 0 1138 755 1192">
     <span class='ocr_line' id='line_1_18' title="bbox 0 1138 755 1192; baseline 0.012 -21"><span class='ocrx_word' id='word_1_93' title='bbox 0 1151 5 1157; x_wconf 80' lang='grc'><em>·</em></span> <span class='ocrx_word' id='word_1_94' title='bbox 65 1138 176 1182; x_wconf 82' lang='lat' dir='ltr'><strong>jejuni</strong></span> <span class='ocrx_word' id='word_1_95' title='bbox 201 1147 262 1174; x_wconf 79' lang='lat' dir='ltr'><strong>etc.</strong></span> <span class='ocrx_word' id='word_1_96' title='bbox 293 1143 330 1184; x_wconf 90' lang='lat'><strong>2,</strong></span> <span class='ocrx_word' id='word_1_97' title='bbox 356 1142 391 1183; x_wconf 87' lang='lat'><strong>5,</strong></span> <span class='ocrx_word' id='word_1_98' title='bbox 414 1145 470 1176; x_wconf 86' lang='lat'><strong>21.</strong></span> <span class='ocrx_word' id='word_1_99' title='bbox 500 1143 634 1178; x_wconf 87' lang='lat' dir='ltr'><strong>Eorum</strong></span> <span class='ocrx_word' id='word_1_100' title='bbox 656 1146 755 1192; x_wconf 83' lang='lat' dir='ltr'><strong>leges</strong></span> 
     </span>
    </p>
   </div>
   <div class='ocr_carea' id='block_1_7' title="bbox 39 1194 756 1286">
    <p class='ocr_par' dir='ltr' id='par_1_7' title="bbox 39 1194 756 1286">
     <span class='ocr_line' id='line_1_19' title="bbox 39 1194 756 1248; baseline 0.013 -19"><span class='ocrx_word' id='word_1_101' title='bbox 39 1225 41 1227; x_wconf 87' lang='lat'><strong>.</strong></span> <span class='ocrx_word' id='word_1_102' title='bbox 63 1194 205 1231; x_wconf 72' lang='lat' dir='ltr'><strong>invisae</strong></span> <span class='ocrx_word' id='word_1_103' title='bbox 229 1198 273 1241; x_wconf 88' lang='lat'><strong>3,</strong></span> <span class='ocrx_word' id='word_1_104' title='bbox 296 1200 340 1242; x_wconf 87' lang='lat'><strong>7,</strong></span> <span class='ocrx_word' id='word_1_105' title='bbox 362 1201 406 1233; x_wconf 85' lang='lat'><strong>21</strong></span> <span class='ocrx_word' id='word_1_106' title='bbox 428 1199 480 1233; x_wconf 84' lang='lat' dir='ltr'><strong>N.</strong></span> <span class='ocrx_word' id='word_1_107' title='bbox 516 1202 597 1236; x_wconf 79' lang='lat' dir='ltr'><strong>add.</strong></span> <span class='ocrx_word' id='word_1_108' title='bbox 627 1202 668 1246; x_wconf 88' lang='lat'><strong>5,</strong></span> <span class='ocrx_word' id='word_1_109' title='bbox 696 1205 756 1248; x_wconf 84' lang='lat'><strong>13,</strong></span> 
     </span>
     <span class='ocr_line' id='line_1_20' title="bbox 61 1251 121 1286; baseline 0 0"><span class='ocrx_word' id='word_1_110' title='bbox 61 1251 121 1286; x_wconf 75' lang='grc'><strong>24.</strong></span> 
     </span>
    </p>
   </div>
   <div class='ocr_carea' id='block_1_8' title="bbox 14 1319 608 1366">
    <p class='ocr_par' dir='ltr' id='par_1_8' title="bbox 14 1319 608 1366">
     <span class='ocr_line' id='line_1_21' title="bbox 14 1319 608 1366; baseline 0.013 -14"><span class='ocrx_word' id='word_1_111' title='bbox 14 1334 63 1345; x_wconf 92' lang='grc'><strong>-</strong></span> <span class='ocrx_word' id='word_1_112' title='bbox 86 1319 232 1364; x_wconf 72' lang='grc' dir='ltr'><strong>Ἦι...5,</strong></span> <span class='ocrx_word' id='word_1_113' title='bbox 255 1321 313 1363; x_wconf 82' lang='grc'><strong>13,</strong></span> <span class='ocrx_word' id='word_1_114' title='bbox 333 1319 391 1356; x_wconf 83' lang='grc'><strong>24.</strong></span> <span class='ocrx_word' id='word_1_115' title='bbox 423 1325 459 1366; x_wconf 90' lang='lat'><strong>7,</strong></span> <span class='ocrx_word' id='word_1_116' title='bbox 483 1322 520 1365; x_wconf 78' lang='lat'><strong>4,</strong></span> <span class='ocrx_word' id='word_1_117' title='bbox 550 1326 608 1362; x_wconf 85' lang='lat'><strong>13.</strong></span> 
     </span>
    </p>
   </div>
   <div class='ocr_carea' id='block_1_9' title="bbox 0 1386 750 1434">
    <p class='ocr_par' dir='ltr' id='par_1_9' title="bbox 0 1386 750 1434">
     <span class='ocr_line' id='line_1_22' title="bbox 0 1386 750 1434; baseline 0.011 -13"><span class='ocrx_word' id='word_1_118' title='bbox 0 1387 166 1422; x_wconf 65' lang='lat' dir='ltr'><strong>&#39;Graec</strong></span> <span class='ocrx_word' id='word_1_119' title='bbox 177 1398 212 1422; x_wconf 85' lang='lat' dir='ltr'><strong>e.</strong></span> <span class='ocrx_word' id='word_1_120' title='bbox 235 1399 305 1433; x_wconf 85' lang='lat' dir='ltr'><strong>qua</strong></span> <span class='ocrx_word' id='word_1_121' title='bbox 322 1386 456 1434; x_wconf 73' lang='lat' dir='ltr'><strong>(litera)</strong></span> <span class='ocrx_word' id='word_1_122' title='bbox 482 1393 618 1426; x_wconf 83' lang='lat' dir='ltr'><strong>nullum</strong></span> <span class='ocrx_word' id='word_1_123' title='bbox 636 1393 750 1429; x_wconf 84' lang='lat' dir='ltr'><strong>Grae-</strong></span> 
     </span>
    </p>
   </div>
   <div class='ocr_carea' id='block_1_10' title="bbox 55 1445 751 1886">
    <p class='ocr_par' dir='ltr' id='par_1_10' title="bbox 55 1445 751 1886">
     <span class='ocr_line' id='line_1_23' title="bbox 58 1445 751 1490; baseline 0.012 -13"><span class='ocrx_word' id='word_1_124' title='bbox 58 1455 102 1480; x_wconf 81' lang='lat' dir='ltr'><strong>ee</strong></span> <span class='ocrx_word' id='word_1_125' title='bbox 118 1445 272 1480; x_wconf 72' lang='lat' dir='ltr'><strong>verbum</strong></span> <span class='ocrx_word' id='word_1_126' title='bbox 288 1445 383 1479; x_wconf 90' lang='lat' dir='ltr'><strong>cadit</strong></span> <span class='ocrx_word' id='word_1_127' title='bbox 399 1450 456 1489; x_wconf 91' lang='lat'><strong>12,</strong></span> <span class='ocrx_word' id='word_1_128' title='bbox 477 1450 534 1490; x_wconf 89' lang='lat'><strong>10,</strong></span> <span class='ocrx_word' id='word_1_129' title='bbox 550 1451 608 1483; x_wconf 87' lang='lat'><strong>31.</strong></span> <span class='ocrx_word' id='word_1_130' title='bbox 640 1453 751 1485; x_wconf 82' lang='lat' dir='ltr'><strong>multa</strong></span> 
     </span>
     <span class='ocr_line' id='line_1_24' title="bbox 59 1501 751 1542; baseline 0.013 -9"><span class='ocrx_word' id='word_1_131' title='bbox 59 1506 144 1534; x_wconf 83' lang='lat' dir='ltr'><strong>sunt</strong></span> <span class='ocrx_word' id='word_1_132' title='bbox 166 1505 203 1534; x_wconf 87' lang='lat' dir='ltr'><strong>et</strong></span> <span class='ocrx_word' id='word_1_133' title='bbox 224 1501 360 1535; x_wconf 84' lang='lat' dir='ltr'><strong>Graece</strong></span> <span class='ocrx_word' id='word_1_134' title='bbox 388 1509 424 1536; x_wconf 86' lang='lat' dir='ltr'><strong>et</strong></span> <span class='ocrx_word' id='word_1_135' title='bbox 439 1503 566 1538; x_wconf 88' lang='lat' dir='ltr'><strong>Latine</strong></span> <span class='ocrx_word' id='word_1_136' title='bbox 588 1516 663 1539; x_wconf 88' lang='lat' dir='ltr'><strong>non</strong></span> <span class='ocrx_word' id='word_1_137' title='bbox 686 1509 751 1542; x_wconf 85' lang='lat' dir='ltr'><strong>de-</strong></span> 
     </span>
     <span class='ocr_line' id='line_1_25' title="bbox 58 1556 751 1601; baseline 0.01 -12"><span class='ocrx_word' id='word_1_138' title='bbox 58 1556 242 1590; x_wconf 71' lang='lat' dir='ltr'><strong>nominata</strong></span> <span class='ocrx_word' id='word_1_139' title='bbox 261 1558 306 1600; x_wconf 88' lang='lat'><strong>8,</strong></span> <span class='ocrx_word' id='word_1_140' title='bbox 333 1561 380 1601; x_wconf 90' lang='lat'><strong>2,</strong></span> <span class='ocrx_word' id='word_1_141' title='bbox 404 1557 440 1592; x_wconf 90' lang='lat'><strong>4.</strong></span> <span class='ocrx_word' id='word_1_142' title='bbox 477 1558 573 1593; x_wconf 84' lang='lat' dir='ltr'><strong>idem</strong></span> <span class='ocrx_word' id='word_1_143' title='bbox 613 1563 751 1598; x_wconf 84' lang='lat' dir='ltr'><strong>Graece</strong></span> 
     </span>
     <span class='ocr_line' id='line_1_26' title="bbox 60 1613 748 1664; baseline 0.012 -17"><span class='ocrx_word' id='word_1_144' title='bbox 60 1613 175 1648; x_wconf 61' lang='lat' dir='ltr'><strong>dicam</strong></span> <span class='ocrx_word' id='word_1_145' title='bbox 199 1617 232 1654; x_wconf 88' lang='lat'><strong>1,</strong></span> <span class='ocrx_word' id='word_1_146' title='bbox 246 1613 294 1657; x_wconf 79' lang='grc'><strong>’4,</strong></span> <span class='ocrx_word' id='word_1_147' title='bbox 314 1614 372 1649; x_wconf 89' lang='grc'><strong>26.</strong></span> <span class='ocrx_word' id='word_1_148' title='bbox 395 1614 440 1655; x_wconf 61' lang='lat' dir='ltr'><strong>cf}</strong></span> <span class='ocrx_word' id='word_1_149' title='bbox 459 1617 494 1657; x_wconf 84' lang='lat'><strong>1,</strong></span> <span class='ocrx_word' id='word_1_150' title='bbox 520 1619 553 1659; x_wconf 92' lang='lat'><strong>1,</strong></span> <span class='ocrx_word' id='word_1_151' title='bbox 576 1619 635 1652; x_wconf 83' lang='lat'><strong>37.</strong></span> <span class='ocrx_word' id='word_1_152' title='bbox 659 1619 694 1662; x_wconf 89' lang='lat'><strong>6,</strong></span> <span class='ocrx_word' id='word_1_153' title='bbox 716 1624 748 1664; x_wconf 91' lang='lat'><strong>1,</strong></span> 
     </span>
     <span class='ocr_line' id='line_1_27' title="bbox 59 1669 750 1728; baseline 0.001 -24"><span class='ocrx_word' id='word_1_154' title='bbox 59 1669 117 1705; x_wconf 91' lang='lat'><strong>14.</strong></span> <span class='ocrx_word' id='word_1_155' title='bbox 155 1681 247 1715; x_wconf 82' lang='lat' dir='ltr'><strong>quae</strong></span> <span class='ocrx_word' id='word_1_156' title='bbox 284 1671 347 1704; x_wconf 88' lang='lat' dir='ltr'><strong>Gr.</strong></span> <span class='ocrx_word' id='word_1_157' title='bbox 383 1670 518 1728; x_wconf 48' lang='lat' dir='ltr'><strong>‘dicitiu-</strong></span> <span class='ocrx_word' id='word_1_158' title='bbox 554 1669 750 1719; x_wconf 77' lang='grc' dir='ltr'><strong>α’νακεφα..</strong></span> 
     </span>
     <span class='ocr_line' id='line_1_28' title="bbox 56 1725 750 1777; baseline 0.007 -17"><span class='ocrx_word' id='word_1_159' title='bbox 56 1725 209 1762; x_wconf 60' lang='lat' dir='ltr'><strong>lalunicae</strong></span> <span class='ocrx_word' id='word_1_160' title='bbox 230 1727 273 1770; x_wconf 86' lang='grc'><strong>6,</strong></span> <span class='ocrx_word' id='word_1_161' title='bbox 297 1731 336 1769; x_wconf 82' lang='lat'><strong>1,</strong></span> <span class='ocrx_word' id='word_1_162' title='bbox 361 1729 395 1761; x_wconf 90' lang='lat'><strong>1.</strong></span> <span class='ocrx_word' id='word_1_163' title='bbox 431 1726 475 1768; x_wconf 66' lang='lat' dir='ltr'><strong>tf.</strong></span> <span class='ocrx_word' id='word_1_164' title='bbox 498 1731 534 1772; x_wconf 88' lang='lat'><strong>7,</strong></span> <span class='ocrx_word' id='word_1_165' title='bbox 561 1728 597 1772; x_wconf 87' lang='lat'><strong>4,</strong></span> <span class='ocrx_word' id='word_1_166' title='bbox 623 1734 680 1765; x_wconf 85' lang='lat'><strong>12.</strong></span> <span class='ocrx_word' id='word_1_167' title='bbox 712 1734 750 1777; x_wconf 82' lang='lat'><strong>9,</strong></span> 
     </span>
     <span class='ocr_line' id='line_1_29' title="bbox 57 1783 746 1828; baseline 0.003 -10"><span class='ocrx_word' id='word_1_168' title='bbox 57 1786 100 1828; x_wconf 91' lang='lat'><strong>1,</strong></span> <span class='ocrx_word' id='word_1_169' title='bbox 127 1786 162 1818; x_wconf 88' lang='lat'><strong>1.</strong></span> <span class='ocrx_word' id='word_1_170' title='bbox 192 1783 238 1825; x_wconf 84' lang='lat'><strong>9,</strong></span> <span class='ocrx_word' id='word_1_171' title='bbox 262 1784 305 1826; x_wconf 89' lang='lat'><strong>3,</strong></span> <span class='ocrx_word' id='word_1_172' title='bbox 328 1783 389 1822; x_wconf 71' lang='lat'><strong>35.</strong></span> <span class='ocrx_word' id='word_1_173' title='bbox 421 1785 483 1817; x_wconf 89' lang='lat' dir='ltr'><strong>diu</strong></span> <span class='ocrx_word' id='word_1_174' title='bbox 514 1790 651 1820; x_wconf 87' lang='lat' dir='ltr'><strong>tantum</strong></span> <span class='ocrx_word' id='word_1_175' title='bbox 683 1789 746 1825; x_wconf 83' lang='lat' dir='ltr'><strong>Gr.</strong></span> 
     </span>
     <span class='ocr_line' id='line_1_30' title="bbox 55 1839 646 1886; baseline 0.007 -12"><span class='ocrx_word' id='word_1_176' title='bbox 55 1841 223 1885; x_wconf 81' lang='lat' dir='ltr'><strong>loquatur</strong></span> <span class='ocrx_word' id='word_1_177' title='bbox 246 1845 307 1874; x_wconf 85' lang='lat' dir='ltr'><strong>aut</strong></span> <span class='ocrx_word' id='word_1_178' title='bbox 331 1839 444 1875; x_wconf 81' lang='lat' dir='ltr'><strong>discat</strong></span> <span class='ocrx_word' id='word_1_179' title='bbox 467 1843 501 1885; x_wconf 89' lang='lat'><strong>1,</strong></span> <span class='ocrx_word' id='word_1_180' title='bbox 529 1844 563 1886; x_wconf 90' lang='lat'><strong>1,</strong></span> <span class='ocrx_word' id='word_1_181' title='bbox 587 1845 646 1880; x_wconf 85' lang='lat'><strong>13.</strong></span> 
     </span>
    </p>
   </div>
   <div class='ocr_carea' id='block_1_11' title="bbox 13 1907 748 2348">
    <p class='ocr_par' dir='ltr' id='par_1_11' title="bbox 13 1907 748 2348">
     <span class='ocr_line' id='line_1_31' title="bbox 13 1907 744 1958; baseline 0.007 -15"><span class='ocrx_word' id='word_1_182' title='bbox 13 1909 70 1943; x_wconf 88' lang='lat' dir='ltr'><strong>Gr</strong></span> <span class='ocrx_word' id='word_1_183' title='bbox 77 1919 98 1942; x_wconf 91' lang='lat' dir='ltr'><strong>a</strong></span> <span class='ocrx_word' id='word_1_184' title='bbox 105 1919 126 1942; x_wconf 90' lang='lat' dir='ltr'><strong>e</strong></span> <span class='ocrx_word' id='word_1_185' title='bbox 135 1907 176 1942; x_wconf 93' lang='lat' dir='ltr'><strong>ci</strong></span> <span class='ocrx_word' id='word_1_186' title='bbox 186 1919 220 1942; x_wconf 88' lang='lat' dir='ltr'><strong>a.</strong></span> <span class='ocrx_word' id='word_1_187' title='bbox 247 1907 366 1942; x_wconf 85' lang='lat' dir='ltr'><strong>tristes</strong></span> <span class='ocrx_word' id='word_1_188' title='bbox 384 1914 420 1942; x_wconf 90' lang='lat' dir='ltr'><strong>et</strong></span> <span class='ocrx_word' id='word_1_189' title='bbox 430 1909 597 1946; x_wconf 85' lang='lat' dir='ltr'><strong>horridae</strong></span> <span class='ocrx_word' id='word_1_190' title='bbox 608 1911 744 1958; x_wconf 90' lang='lat' dir='ltr'><strong>literae,</strong></span> 
     </span>
     <span class='ocr_line' id='line_1_32' title="bbox 57 1964 745 2013; baseline 0.012 -15"><span class='ocrx_word' id='word_1_191' title='bbox 57 1965 186 2010; x_wconf 88' lang='lat' dir='ltr'><strong>quibus</strong></span> <span class='ocrx_word' id='word_1_192' title='bbox 210 1964 359 2000; x_wconf 86' lang='lat' dir='ltr'><strong>Graecia</strong></span> <span class='ocrx_word' id='word_1_193' title='bbox 382 1971 479 2000; x_wconf 90' lang='lat' dir='ltr'><strong>caret</strong></span> <span class='ocrx_word' id='word_1_194' title='bbox 501 1969 567 2012; x_wconf 87' lang='lat'><strong>12,</strong></span> <span class='ocrx_word' id='word_1_195' title='bbox 598 1971 663 2013; x_wconf 85' lang='grc'><strong>10,</strong></span> <span class='ocrx_word' id='word_1_196' title='bbox 686 1973 745 2006; x_wconf 87' lang='grc'><strong>28.</strong></span> 
     </span>
     <span class='ocr_line' id='line_1_33' title="bbox 53 2021 748 2069; baseline 0.012 -14"><span class='ocrx_word' id='word_1_197' title='bbox 53 2021 336 2069; x_wconf 78' lang='lat' dir='ltr'><strong>Demosthenem</strong></span> <span class='ocrx_word' id='word_1_198' title='bbox 377 2022 537 2058; x_wconf 89' lang='lat' dir='ltr'><strong>omnium</strong></span> <span class='ocrx_word' id='word_1_199' title='bbox 574 2025 748 2063; x_wconf 83' lang='lat' dir='ltr'><strong>Graeciae</strong></span> 
     </span>
     <span class='ocr_line' id='line_1_34' title="bbox 56 2077 746 2126; baseline 0.009 -14"><span class='ocrx_word' id='word_1_200' title='bbox 56 2083 240 2112; x_wconf 80' lang='lat' dir='ltr'><strong>oratorum</strong></span> <span class='ocrx_word' id='word_1_201' title='bbox 276 2077 474 2123; x_wconf 86' lang='lat' dir='ltr'><strong>principem</strong></span> <span class='ocrx_word' id='word_1_202' title='bbox 516 2082 581 2125; x_wconf 85' lang='lat'><strong>12,</strong></span> <span class='ocrx_word' id='word_1_203' title='bbox 613 2085 658 2126; x_wconf 84' lang='lat'><strong>2,</strong></span> <span class='ocrx_word' id='word_1_204' title='bbox 688 2087 746 2121; x_wconf 83' lang='lat'><strong>22.</strong></span> 
     </span>
     <span class='ocr_line' id='line_1_35' title="bbox 55 2133 748 2184; baseline 0.013 -17"><span class='ocrx_word' id='word_1_205' title='bbox 55 2133 264 2181; x_wconf 80' lang='lat' dir='ltr'><strong>panegyrici</strong></span> <span class='ocrx_word' id='word_1_206' title='bbox 291 2135 501 2184; x_wconf 24' lang='lat' dir='ltr'><strong>plerum-que</strong></span> <span class='ocrx_word' id='word_1_207' title='bbox 521 2138 567 2172; x_wconf 89' lang='lat' dir='ltr'><strong>de</strong></span> <span class='ocrx_word' id='word_1_208' title='bbox 589 2139 748 2175; x_wconf 75' lang='lat' dir='ltr'><strong>utilitati-</strong></span> 
     </span>
     <span class='ocr_line' id='line_1_36' title="bbox 19 2190 744 2241; baseline 0.012 -17"><span class='ocrx_word' id='word_1_209' title='bbox 19 2202 40 2211; x_wconf 50' lang='lat' dir='ltr'><strong>r</strong></span> <span class='ocrx_word' id='word_1_210' title='bbox 55 2190 123 2225; x_wconf 83' lang='lat' dir='ltr'><strong>bus</strong></span> <span class='ocrx_word' id='word_1_211' title='bbox 147 2190 318 2225; x_wconf 78' lang='lat' dir='ltr'><strong>Graeciae</strong></span> <span class='ocrx_word' id='word_1_212' title='bbox 346 2192 539 2236; x_wconf 84' lang='lat' dir='ltr'><strong>loquuntur</strong></span> <span class='ocrx_word' id='word_1_213' title='bbox 563 2197 598 2238; x_wconf 85' lang='lat'><strong>3,</strong></span> <span class='ocrx_word' id='word_1_214' title='bbox 624 2195 661 2241; x_wconf 77' lang='lat'><strong>4,</strong></span> <span class='ocrx_word' id='word_1_215' title='bbox 688 2197 744 2233; x_wconf 81' lang='lat'><strong>14.</strong></span> 
     </span>
     <span class='ocr_line' id='line_1_37' title="bbox 55 2246 742 2300; baseline 0.013 -19"><span class='ocrx_word' id='word_1_216' title='bbox 55 2246 343 2293; x_wconf 75' lang='lat' dir='ltr'><strong>diligentissimus</strong></span> <span class='ocrx_word' id='word_1_217' title='bbox 365 2248 405 2282; x_wconf 87' lang='lat' dir='ltr'><strong>in</strong></span> <span class='ocrx_word' id='word_1_218' title='bbox 427 2251 599 2287; x_wconf 89' lang='lat' dir='ltr'><strong>tradendo</strong></span> <span class='ocrx_word' id='word_1_219' title='bbox 624 2253 685 2289; x_wconf 83' lang='lat' dir='ltr'><strong>Gr.</strong></span> <span class='ocrx_word' id='word_1_220' title='bbox 706 2257 742 2300; x_wconf 88' lang='lat'><strong>3,</strong></span> 
     </span>
     <span class='ocr_line' id='line_1_38' title="bbox 57 2305 174 2348; baseline 0.009 -10"><span class='ocrx_word' id='word_1_221' title='bbox 57 2305 92 2348; x_wconf 86' lang='lat'><strong>1,</strong></span> <span class='ocrx_word' id='word_1_222' title='bbox 116 2305 174 2339; x_wconf 86' lang='lat'><strong>18.</strong></span> 
     </span>
    </p>
   </div>
   <div class='ocr_carea' id='block_1_12' title="bbox 1444 112 1555 154">
    <p class='ocr_par' dir='ltr' id='par_1_12' title="bbox 1444 112 1555 154">
     <span class='ocr_line' id='line_1_39' title="bbox 1444 112 1555 154; baseline -0.009 0"><span class='ocrx_word' id='word_1_223' title='bbox 1444 112 1555 154; x_wconf 79' lang='lat'><strong>1003</strong></span> 
     </span>
    </p>
   </div>
   <div class='ocr_carea' id='block_1_13' title="bbox 853 223 1559 1408">
    <p class='ocr_par' dir='ltr' id='par_1_13' title="bbox 853 223 1559 1408">
     <span class='ocr_line' id='line_1_40' title="bbox 865 223 1556 270; baseline 0.014 -16"><span class='ocrx_word' id='word_1_224' title='bbox 865 228 965 266; x_wconf 73' lang='lat' dir='ltr'><strong>tores,</strong></span> <span class='ocrx_word' id='word_1_225' title='bbox 989 223 1163 267; x_wconf 72' lang='lat' dir='ltr'><strong>memes,</strong></span> <span class='ocrx_word' id='word_1_226' title='bbox 1188 224 1314 259; x_wconf 73' lang='lat' dir='ltr'><strong>veteres</strong></span> <span class='ocrx_word' id='word_1_227' title='bbox 1337 226 1394 270; x_wconf 83' lang='grc'><strong>11,</strong></span> <span class='ocrx_word' id='word_1_228' title='bbox 1413 227 1450 270; x_wconf 87' lang='grc'><strong>3,</strong></span> <span class='ocrx_word' id='word_1_229' title='bbox 1475 228 1556 265; x_wconf 85' lang='grc'><strong>183.</strong></span> 
     </span>
     <span class='ocr_line' id='line_1_41' title="bbox 867 278 1557 326; baseline 0.009 -14"><span class='ocrx_word' id='word_1_230' title='bbox 867 281 931 321; x_wconf 86' lang='grc'><strong>12,</strong></span> <span class='ocrx_word' id='word_1_231' title='bbox 958 281 1022 323; x_wconf 89' lang='grc'><strong>10,</strong></span> <span class='ocrx_word' id='word_1_232' title='bbox 1048 278 1115 324; x_wconf 85' lang='grc'><strong>48;</strong></span> <span class='ocrx_word' id='word_1_233' title='bbox 1152 284 1348 316; x_wconf 69' lang='lat' dir='ltr'><strong>recentiores</strong></span> <span class='ocrx_word' id='word_1_234' title='bbox 1372 285 1407 326; x_wconf 84' lang='lat'><strong>1,</strong></span> <span class='ocrx_word' id='word_1_235' title='bbox 1433 281 1470 326; x_wconf 89' lang='lat'><strong>4,</strong></span> <span class='ocrx_word' id='word_1_236' title='bbox 1498 283 1557 318; x_wconf 84' lang='lat'><strong>14.</strong></span> 
     </span>
     <span class='ocr_line' id='line_1_42' title="bbox 866 336 1559 386; baseline 0.009 -16"><span class='ocrx_word' id='word_1_237' title='bbox 866 338 899 376; x_wconf 89' lang='grc'><strong>1,</strong></span> <span class='ocrx_word' id='word_1_238' title='bbox 922 337 957 379; x_wconf 87' lang='lat'><strong>5,</strong></span> <span class='ocrx_word' id='word_1_239' title='bbox 981 336 1040 386; x_wconf 82' lang='grc'><strong>42.</strong></span> <span class='ocrx_word' id='word_1_240' title='bbox 1064 340 1099 380; x_wconf 86' lang='grc'><strong>1,</strong></span> <span class='ocrx_word' id='word_1_241' title='bbox 1122 338 1158 381; x_wconf 84' lang='grc'><strong>8,</strong></span> <span class='ocrx_word' id='word_1_242' title='bbox 1181 338 1217 373; x_wconf 87' lang='lat'><strong>6.</strong></span> <span class='ocrx_word' id='word_1_243' title='bbox 1242 340 1276 382; x_wconf 90' lang='lat'><strong>5,</strong></span> <span class='ocrx_word' id='word_1_244' title='bbox 1302 342 1357 381; x_wconf 89' lang='grc'><strong>11,</strong></span> <span class='ocrx_word' id='word_1_245' title='bbox 1381 340 1437 375; x_wconf 81' lang='lat'><strong>36.</strong></span> <span class='ocrx_word' id='word_1_246' title='bbox 1461 343 1496 384; x_wconf 89' lang='lat'><strong>7,</strong></span> <span class='ocrx_word' id='word_1_247' title='bbox 1520 340 1559 385; x_wconf 80' lang='lat'><strong>4,</strong></span> 
     </span>
     <span class='ocr_line' id='line_1_43' title="bbox 862 393 1555 441; baseline 0.007 -13"><span class='ocrx_word' id='word_1_248' title='bbox 862 394 920 428; x_wconf 81' lang='lat'><strong>36.</strong></span> <span class='ocrx_word' id='word_1_249' title='bbox 954 397 989 437; x_wconf 91' lang='lat'><strong>7,</strong></span> <span class='ocrx_word' id='word_1_250' title='bbox 1012 395 1046 436; x_wconf 88' lang='lat'><strong>9,</strong></span> <span class='ocrx_word' id='word_1_251' title='bbox 1071 393 1105 429; x_wconf 86' lang='lat'><strong>4.</strong></span> <span class='ocrx_word' id='word_1_252' title='bbox 1138 395 1174 438; x_wconf 84' lang='grc' dir='ltr'><strong>ὃ,</strong></span> <span class='ocrx_word' id='word_1_253' title='bbox 1198 396 1242 439; x_wconf 89' lang='grc'><strong>6,</strong></span> <span class='ocrx_word' id='word_1_254' title='bbox 1266 396 1323 431; x_wconf 82' lang='grc'><strong>52.</strong></span> <span class='ocrx_word' id='word_1_255' title='bbox 1356 399 1414 440; x_wconf 89' lang='grc'><strong>11,</strong></span> <span class='ocrx_word' id='word_1_256' title='bbox 1438 399 1475 441; x_wconf 87' lang='grc'><strong>3,</strong></span> <span class='ocrx_word' id='word_1_257' title='bbox 1496 399 1555 434; x_wconf 87' lang='grc'><strong>35.</strong></span> 
     </span>
     <span class='ocr_line' id='line_1_44' title="bbox 863 450 1555 497; baseline 0.007 -14"><span class='ocrx_word' id='word_1_258' title='bbox 863 450 942 483; x_wconf 86' lang='grc'><strong>102.</strong></span> <span class='ocrx_word' id='word_1_259' title='bbox 969 453 1050 486; x_wconf 87' lang='grc'><strong>120.</strong></span> <span class='ocrx_word' id='word_1_260' title='bbox 1080 451 1159 486; x_wconf 84' lang='grc'><strong>160.</strong></span> <span class='ocrx_word' id='word_1_261' title='bbox 1193 451 1238 494; x_wconf 63' lang='lat' dir='ltr'><strong>qr.</strong></span> <span class='ocrx_word' id='word_1_262' title='bbox 1268 455 1301 497; x_wconf 90' lang='grc'><strong>1,</strong></span> <span class='ocrx_word' id='word_1_263' title='bbox 1325 455 1382 497; x_wconf 90' lang='grc'><strong>10,</strong></span> <span class='ocrx_word' id='word_1_264' title='bbox 1406 454 1463 490; x_wconf 88' lang='grc'><strong>15.</strong></span> <span class='ocrx_word' id='word_1_265' title='bbox 1498 458 1555 489; x_wconf 64' lang='grc' dir='ltr'><strong>ιιι..-</strong></span> 
     </span>
     <span class='ocr_line' id='line_1_45' title="bbox 862 507 1555 559; baseline 0.013 -21"><span class='ocrx_word' id='word_1_266' title='bbox 862 507 1043 540; x_wconf 73' lang='lat' dir='ltr'><strong>audiuntur</strong></span> <span class='ocrx_word' id='word_1_267' title='bbox 1085 509 1209 542; x_wconf 79' lang='lat' dir='ltr'><strong>Gracci</strong></span> <span class='ocrx_word' id='word_1_268' title='bbox 1247 511 1296 544; x_wconf 82' lang='lat' dir='ltr'><strong>N.</strong></span> <span class='ocrx_word' id='word_1_269' title='bbox 1342 511 1555 559; x_wconf 74' lang='lat' dir='ltr'><strong>Pragmatici</strong></span> 
     </span>
     <span class='ocr_line' id='line_1_46' title="bbox 862 559 1555 614; baseline 0.013 -18"><span class='ocrx_word' id='word_1_270' title='bbox 862 565 927 603; x_wconf 90' lang='grc'><strong>12,</strong></span> <span class='ocrx_word' id='word_1_271' title='bbox 952 565 992 607; x_wconf 89' lang='grc'><strong>3,</strong></span> <span class='ocrx_word' id='word_1_272' title='bbox 1015 559 1052 605; x_wconf 85' lang='lat'><strong>4,</strong></span> <span class='ocrx_word' id='word_1_273' title='bbox 1089 565 1267 609; x_wconf 82' lang='lat' dir='ltr'><strong>Quantum</strong></span> <span class='ocrx_word' id='word_1_274' title='bbox 1293 567 1422 603; x_wconf 82' lang='lat' dir='ltr'><strong>Graeci</strong></span> <span class='ocrx_word' id='word_1_275' title='bbox 1448 580 1555 614; x_wconf 86' lang='lat' dir='ltr'><strong>prae-</strong></span> 
     </span>
     <span class='ocr_line' id='line_1_47' title="bbox 860 620 1555 667; baseline 0.016 -15"><span class='ocrx_word' id='word_1_276' title='bbox 860 620 973 663; x_wconf 81' lang='lat' dir='ltr'><strong>ceptis</strong></span> <span class='ocrx_word' id='word_1_277' title='bbox 992 624 1147 655; x_wconf 73' lang='lat' dir='ltr'><strong>virtutum</strong></span> <span class='ocrx_word' id='word_1_278' title='bbox 1165 625 1307 667; x_wconf 79' lang='lat' dir='ltr'><strong>valent,</strong></span> <span class='ocrx_word' id='word_1_279' title='bbox 1331 629 1555 663; x_wconf 71' lang='lat' dir='ltr'><strong>tantumno-</strong></span> 
     </span>
     <span class='ocr_line' id='line_1_48' title="bbox 860 670 1553 725; baseline 0.017 -16"><span class='ocrx_word' id='word_1_280' title='bbox 860 670 955 710; x_wconf 83' lang='lat' dir='ltr'><strong>inani</strong></span> <span class='ocrx_word' id='word_1_281' title='bbox 991 679 1166 723; x_wconf 79' lang='lat' dir='ltr'><strong>exemplis</strong></span> <span class='ocrx_word' id='word_1_282' title='bbox 1201 683 1270 724; x_wconf 80' lang='grc'><strong>12,</strong></span> <span class='ocrx_word' id='word_1_283' title='bbox 1306 684 1349 725; x_wconf 91' lang='grc'><strong>2,</strong></span> <span class='ocrx_word' id='word_1_284' title='bbox 1375 685 1434 718; x_wconf 88' lang='grc'><strong>30.</strong></span> <span class='ocrx_word' id='word_1_285' title='bbox 1472 686 1553 721; x_wconf 88' lang='lat' dir='ltr'><strong>bra-</strong></span> 
     </span>
     <span class='ocr_line' id='line_1_49' title="bbox 860 729 1555 778; baseline 0.016 -12"><span class='ocrx_word' id='word_1_286' title='bbox 860 733 980 768; x_wconf 84' lang='lat' dir='ltr'><strong>chium</strong></span> <span class='ocrx_word' id='word_1_287' title='bbox 1005 735 1225 771; x_wconf 86' lang='lat' dir='ltr'><strong>Graecorum</strong></span> <span class='ocrx_word' id='word_1_288' title='bbox 1240 729 1358 773; x_wconf 62' lang='lat' dir='ltr'><strong>&#39;veste</strong></span> <span class='ocrx_word' id='word_1_289' title='bbox 1386 741 1555 778; x_wconf 87' lang='lat' dir='ltr'><strong>contine-</strong></span> 
     </span>
     <span class='ocr_line' id='line_1_50' title="bbox 858 791 1554 842; baseline 0.019 -19"><span class='ocrx_word' id='word_1_290' title='bbox 858 791 963 825; x_wconf 85' lang='lat' dir='ltr'><strong>batur</strong></span> <span class='ocrx_word' id='word_1_291' title='bbox 985 794 1043 835; x_wconf 86' lang='lat'><strong>11,</strong></span> <span class='ocrx_word' id='word_1_292' title='bbox 1067 794 1102 836; x_wconf 89' lang='grc'><strong>3,</strong></span> <span class='ocrx_word' id='word_1_293' title='bbox 1127 795 1205 828; x_wconf 86' lang='grc'><strong>138.</strong></span> <span class='ocrx_word' id='word_1_294' title='bbox 1230 794 1373 842; x_wconf 83' lang='lat' dir='ltr'><strong>ingenia</strong></span> <span class='ocrx_word' id='word_1_295' title='bbox 1397 798 1554 835; x_wconf 87' lang='lat' dir='ltr'><strong>Graeco-</strong></span> 
     </span>
     <span class='ocr_line' id='line_1_51' title="bbox 857 842 1552 901; baseline 0.019 -21"><span class='ocrx_word' id='word_1_296' title='bbox 857 858 936 881; x_wconf 90' lang='lat' dir='ltr'><strong>rum</strong></span> <span class='ocrx_word' id='word_1_297' title='bbox 977 848 1084 883; x_wconf 88' lang='lat' dir='ltr'><strong>etiam</strong></span> <span class='ocrx_word' id='word_1_298' title='bbox 1123 842 1263 886; x_wconf 83' lang='lat' dir='ltr'><strong>minora</strong></span> <span class='ocrx_word' id='word_1_299' title='bbox 1306 864 1391 888; x_wconf 84' lang='lat' dir='ltr'><strong>suos</strong></span> <span class='ocrx_word' id='word_1_300' title='bbox 1426 864 1552 901; x_wconf 77' lang='lat' dir='ltr'><strong>portus</strong></span> 
     </span>
     <span class='ocr_line' id='line_1_52' title="bbox 856 905 1553 956; baseline 0.019 -19"><span class='ocrx_word' id='word_1_301' title='bbox 856 905 989 938; x_wconf 87' lang='lat' dir='ltr'><strong>habent</strong></span> <span class='ocrx_word' id='word_1_302' title='bbox 1018 908 1085 950; x_wconf 87' lang='lat'><strong>12,</strong></span> <span class='ocrx_word' id='word_1_303' title='bbox 1109 909 1173 950; x_wconf 90' lang='grc'><strong>10,</strong></span> <span class='ocrx_word' id='word_1_304' title='bbox 1196 910 1242 943; x_wconf 88' lang='grc'><strong>37</strong></span> <span class='ocrx_word' id='word_1_305' title='bbox 1268 911 1315 944; x_wconf 87' lang='grc' dir='ltr'><strong>Ν.</strong></span> <span class='ocrx_word' id='word_1_306' title='bbox 1362 908 1553 956; x_wconf 78' lang='grc' dir='ltr'><strong><em>ὅνοματο-</em></strong></span> 
     </span>
     <span class='ocr_line' id='line_1_53' title="bbox 856 959 1557 1007; baseline 0.019 -13"><span class='ocrx_word' id='word_1_307' title='bbox 856 959 964 994; x_wconf 57' lang='lat' dir='ltr'><strong>notia</strong></span> <span class='ocrx_word' id='word_1_308' title='bbox 976 961 1121 997; x_wconf 85' lang='lat' dir='ltr'><strong>Graecis</strong></span> <span class='ocrx_word' id='word_1_309' title='bbox 1136 963 1231 999; x_wconf 88' lang='lat' dir='ltr'><strong>inter</strong></span> <span class='ocrx_word' id='word_1_310' title='bbox 1244 967 1416 1002; x_wconf 79' lang='lat' dir='ltr'><strong>maximas</strong></span> <span class='ocrx_word' id='word_1_311' title='bbox 1430 971 1557 1007; x_wconf 84' lang='lat' dir='ltr'><strong>habita-</strong></span> 
     </span>
     <span class='ocr_line' id='line_1_54' title="bbox 855 1017 1550 1066; baseline 0.017 -14"><span class='ocrx_word' id='word_1_312' title='bbox 855 1017 1008 1052; x_wconf 73' lang='lat' dir='ltr'><strong>virtutes</strong></span> <span class='ocrx_word' id='word_1_313' title='bbox 1042 1021 1087 1062; x_wconf 90' lang='lat'><strong>8,</strong></span> <span class='ocrx_word' id='word_1_314' title='bbox 1122 1021 1167 1064; x_wconf 91' lang='grc'><strong>6,</strong></span> <span class='ocrx_word' id='word_1_315' title='bbox 1204 1023 1262 1060; x_wconf 89' lang='lat'><strong>31.</strong></span> <span class='ocrx_word' id='word_1_316' title='bbox 1312 1023 1359 1066; x_wconf 84' lang='lat' dir='ltr'><strong>cf.</strong></span> <span class='ocrx_word' id='word_1_317' title='bbox 1403 1028 1462 1062; x_wconf 88' lang='lat'><strong>37.</strong></span> <span class='ocrx_word' id='word_1_318' title='bbox 1509 1029 1550 1064; x_wconf 81' lang='lat' dir='ltr'><strong>in</strong></span> 
     </span>
     <span class='ocr_line' id='line_1_55' title="bbox 859 1074 1551 1121; baseline 0.02 -14"><span class='ocrx_word' id='word_1_319' title='bbox 859 1074 1005 1109; x_wconf 84' lang='lat' dir='ltr'><strong>Graecis</strong></span> <span class='ocrx_word' id='word_1_320' title='bbox 1029 1078 1069 1119; x_wconf 88' lang='lat'><strong>1,</strong></span> <span class='ocrx_word' id='word_1_321' title='bbox 1094 1075 1138 1120; x_wconf 89' lang='lat'><strong>4,</strong></span> <span class='ocrx_word' id='word_1_322' title='bbox 1162 1077 1197 1112; x_wconf 89' lang='lat'><strong>4.</strong></span> <span class='ocrx_word' id='word_1_323' title='bbox 1244 1079 1451 1118; x_wconf 79' lang='lat' dir='ltr'><strong>Sententiae</strong></span> <span class='ocrx_word' id='word_1_324' title='bbox 1481 1097 1551 1121; x_wconf 76' lang='lat' dir='ltr'><strong>ve-</strong></span> 
     </span>
     <span class='ocr_line' id='line_1_56' title="bbox 856 1131 1548 1183; baseline 0.023 -20"><span class='ocrx_word' id='word_1_325' title='bbox 856 1131 1003 1179; x_wconf 85' lang='lat' dir='ltr'><strong>teribus,</strong></span> <span class='ocrx_word' id='word_1_326' title='bbox 1029 1134 1219 1178; x_wconf 82' lang='lat' dir='ltr'><strong>praecipue</strong></span> <span class='ocrx_word' id='word_1_327' title='bbox 1242 1137 1401 1183; x_wconf 83' lang='lat' dir='ltr'><strong>Graecis,</strong></span> <span class='ocrx_word' id='word_1_328' title='bbox 1424 1141 1463 1175; x_wconf 89' lang='lat' dir='ltr'><strong>in</strong></span> <span class='ocrx_word' id='word_1_329' title='bbox 1479 1154 1548 1178; x_wconf 87' lang='lat' dir='ltr'><strong>usu</strong></span> 
     </span>
     <span class='ocr_line' id='line_1_57' title="bbox 855 1188 1549 1238; baseline 0.023 -18"><span class='ocrx_word' id='word_1_330' title='bbox 855 1197 930 1221; x_wconf 87' lang='lat' dir='ltr'><strong>non</strong></span> <span class='ocrx_word' id='word_1_331' title='bbox 957 1188 1103 1224; x_wconf 82' lang='lat' dir='ltr'><strong>fuerunt</strong></span> <span class='ocrx_word' id='word_1_332' title='bbox 1129 1194 1183 1236; x_wconf 88' lang='lat'><strong>12,</strong></span> <span class='ocrx_word' id='word_1_333' title='bbox 1210 1197 1266 1238; x_wconf 89' lang='lat'><strong>10,</strong></span> <span class='ocrx_word' id='word_1_334' title='bbox 1288 1194 1346 1230; x_wconf 85' lang='grc'><strong>48.</strong></span> <span class='ocrx_word' id='word_1_335' title='bbox 1393 1198 1549 1236; x_wconf 84' lang='lat' dir='ltr'><strong>Nomina</strong></span> 
     </span>
     <span class='ocr_line' id='line_1_58' title="bbox 854 1243 1548 1297; baseline 0.022 -19"><span class='ocrx_word' id='word_1_336' title='bbox 854 1243 1011 1292; x_wconf 86' lang='lat' dir='ltr'><strong>fingere,</strong></span> <span class='ocrx_word' id='word_1_337' title='bbox 1065 1247 1211 1282; x_wconf 87' lang='lat' dir='ltr'><strong>Graecis</strong></span> <span class='ocrx_word' id='word_1_338' title='bbox 1247 1254 1548 1297; x_wconf 86' lang='lat' dir='ltr'><strong>promptissimum</strong></span> 
     </span>
     <span class='ocr_line' id='line_1_59' title="bbox 855 1303 1547 1361; baseline 0.022 -27"><span class='ocrx_word' id='word_1_339' title='bbox 855 1307 910 1335; x_wconf 84' lang='lat' dir='ltr'><strong>est</strong></span> <span class='ocrx_word' id='word_1_340' title='bbox 931 1303 967 1345; x_wconf 85' lang='lat'><strong>9,</strong></span> <span class='ocrx_word' id='word_1_341' title='bbox 991 1305 1025 1346; x_wconf 91' lang='lat'><strong>1,</strong></span> <span class='ocrx_word' id='word_1_342' title='bbox 1047 1305 1107 1337; x_wconf 88' lang='lat'><strong>22.</strong></span> <span class='ocrx_word' id='word_1_343' title='bbox 1142 1304 1187 1345; x_wconf 74' lang='lat' dir='ltr'><strong>cs.</strong></span> <span class='ocrx_word' id='word_1_344' title='bbox 1212 1308 1245 1348; x_wconf 92' lang='lat'><strong>1,</strong></span> <span class='ocrx_word' id='word_1_345' title='bbox 1267 1309 1303 1350; x_wconf 89' lang='lat'><strong>5,</strong></span> <span class='ocrx_word' id='word_1_346' title='bbox 1333 1312 1391 1344; x_wconf 83' lang='lat'><strong>32.</strong></span> <span class='ocrx_word' id='word_1_347' title='bbox 1414 1315 1475 1350; x_wconf 87' lang='lat'><strong>70.</strong></span> <span class='ocrx_word' id='word_1_348' title='bbox 1506 1317 1547 1361; x_wconf 84' lang='lat'><strong>8,</strong></span> 
     </span>
     <span class='ocr_line' id='line_1_60' title="bbox 853 1358 1547 1408; baseline 0.017 -17"><span class='ocrx_word' id='word_1_349' title='bbox 853 1359 888 1400; x_wconf 89' lang='grc'><strong>3,</strong></span> <span class='ocrx_word' id='word_1_350' title='bbox 907 1359 965 1392; x_wconf 87' lang='grc'><strong>30.</strong></span> <span class='ocrx_word' id='word_1_351' title='bbox 990 1358 1227 1405; x_wconf 73' lang='lat' dir='ltr'><strong>Apprehensa</strong></span> <span class='ocrx_word' id='word_1_352' title='bbox 1244 1368 1338 1408; x_wconf 82' lang='lat' dir='ltr'><strong>apud</strong></span> <span class='ocrx_word' id='word_1_353' title='bbox 1348 1370 1547 1406; x_wconf 70' lang='lat' dir='ltr'><strong>Demosthe..</strong></span> 
     </span>
    </p>
   </div>
   <div class='ocr_carea' id='block_1_14' title="bbox 852 1418 1610 1464">
    <p class='ocr_par' dir='ltr' id='par_1_14' title="bbox 852 1418 1610 1464">
     <span class='ocr_line' id='line_1_61' title="bbox 852 1418 1610 1464; baseline 0.029 -19"><span class='ocrx_word' id='word_1_354' title='bbox 852 1426 926 1446; x_wconf 86' lang='lat' dir='ltr'><strong>nem</strong></span> <span class='ocrx_word' id='word_1_355' title='bbox 949 1418 1041 1448; x_wconf 84' lang='lat' dir='ltr'><strong>nuda</strong></span> <span class='ocrx_word' id='word_1_356' title='bbox 1065 1419 1303 1461; x_wconf 55' lang='lat' dir='ltr'><strong>enthymemata</strong></span> <span class='ocrx_word' id='word_1_357' title='bbox 1319 1424 1447 1461; x_wconf 84' lang='lat' dir='ltr'><strong>Graeci</strong></span> <span class='ocrx_word' id='word_1_358' title='bbox 1469 1441 1548 1464; x_wconf 80' lang='lat' dir='ltr'><strong>ma·</strong></span> <span class='ocrx_word' id='word_1_359' title='bbox 1579 1424 1610 1451; x_wconf 43' lang='grc' dir='ltr'><em>υ</em></span> 
     </span>
    </p>
   </div>
   <div class='ocr_carea' id='block_1_15' title="bbox 841 1470 1546 2385">
    <p class='ocr_par' dir='ltr' id='par_1_15' title="bbox 841 1470 1546 2385">
     <span class='ocr_line' id='line_1_62' title="bbox 853 1470 1546 1525; baseline 0.03 -24"><span class='ocrx_word' id='word_1_360' title='bbox 853 1470 908 1516; x_wconf 86' lang='lat' dir='ltr'><strong>gis</strong></span> <span class='ocrx_word' id='word_1_361' title='bbox 932 1470 1039 1514; x_wconf 86' lang='lat' dir='ltr'><strong>(nam</strong></span> <span class='ocrx_word' id='word_1_362' title='bbox 1072 1474 1143 1508; x_wconf 89' lang='lat' dir='ltr'><strong>hoc</strong></span> <span class='ocrx_word' id='word_1_363' title='bbox 1176 1478 1291 1512; x_wconf 87' lang='lat' dir='ltr'><strong>solum</strong></span> <span class='ocrx_word' id='word_1_364' title='bbox 1314 1482 1416 1525; x_wconf 84' lang='lat' dir='ltr'><strong>pejus</strong></span> <span class='ocrx_word' id='word_1_365' title='bbox 1438 1487 1546 1522; x_wconf 80' lang='lat' dir='ltr'><strong>nobis</strong></span> 
     </span>
     <span class='ocr_line' id='line_1_63' title="bbox 851 1526 1546 1582; baseline 0.024 -24"><span class='ocrx_word' id='word_1_366' title='bbox 851 1526 1013 1569; x_wconf 82' lang='lat' dir='ltr'><strong>faciunt)</strong></span> <span class='ocrx_word' id='word_1_367' title='bbox 1042 1529 1081 1563; x_wconf 88' lang='lat' dir='ltr'><strong>in</strong></span> <span class='ocrx_word' id='word_1_368' title='bbox 1104 1536 1247 1567; x_wconf 83' lang='lat' dir='ltr'><strong>catenas</strong></span> <span class='ocrx_word' id='word_1_369' title='bbox 1269 1535 1402 1582; x_wconf 86' lang='lat' dir='ltr'><strong>ligant,</strong></span> <span class='ocrx_word' id='word_1_370' title='bbox 1428 1547 1465 1576; x_wconf 85' lang='lat' dir='ltr'><strong>et</strong></span> <span class='ocrx_word' id='word_1_371' title='bbox 1486 1543 1546 1578; x_wconf 82' lang='lat' dir='ltr'><strong>in-</strong></span> 
     </span>
     <span class='ocr_line' id='line_1_64' title="bbox 851 1584 1545 1642; baseline 0.03 -27"><span class='ocrx_word' id='word_1_372' title='bbox 851 1584 1058 1627; x_wconf 81' lang='lat' dir='ltr'><strong>explicabili</strong></span> <span class='ocrx_word' id='word_1_373' title='bbox 1094 1588 1188 1623; x_wconf 87' lang='lat' dir='ltr'><strong>serie</strong></span> <span class='ocrx_word' id='word_1_374' title='bbox 1222 1601 1463 1642; x_wconf 85' lang='lat' dir='ltr'><strong>connectunt,</strong></span> <span class='ocrx_word' id='word_1_375' title='bbox 1506 1607 1545 1636; x_wconf 88' lang='lat' dir='ltr'><strong>et</strong></span> 
     </span>
     <span class='ocr_line' id='line_1_65' title="bbox 849 1638 1544 1698; baseline 0.03 -26"><span class='ocrx_word' id='word_1_376' title='bbox 849 1638 1047 1677; x_wconf 83' lang='lat' dir='ltr'><strong>indubitata</strong></span> <span class='ocrx_word' id='word_1_377' title='bbox 1088 1645 1281 1693; x_wconf 84' lang='lat' dir='ltr'><strong>colligunt,</strong></span> <span class='ocrx_word' id='word_1_378' title='bbox 1323 1657 1360 1686; x_wconf 87' lang='lat' dir='ltr'><strong>et</strong></span> <span class='ocrx_word' id='word_1_379' title='bbox 1390 1657 1544 1698; x_wconf 90' lang='lat' dir='ltr'><strong>probant</strong></span> 
     </span>
     <span class='ocr_line' id='line_1_66' title="bbox 850 1698 1542 1754; baseline 0.029 -25"><span class='ocrx_word' id='word_1_380' title='bbox 850 1698 1035 1743; x_wconf 79' lang='lat' dir='ltr'><strong>confessa,</strong></span> <span class='ocrx_word' id='word_1_381' title='bbox 1068 1706 1105 1735; x_wconf 91' lang='lat' dir='ltr'><strong>et</strong></span> <span class='ocrx_word' id='word_1_382' title='bbox 1135 1713 1176 1737; x_wconf 85' lang='lat' dir='ltr'><strong>se</strong></span> <span class='ocrx_word' id='word_1_383' title='bbox 1201 1705 1354 1751; x_wconf 79' lang='lat' dir='ltr'><strong>antiquis</strong></span> <span class='ocrx_word' id='word_1_384' title='bbox 1380 1722 1447 1754; x_wconf 86' lang='lat' dir='ltr'><strong>per</strong></span> <span class='ocrx_word' id='word_1_385' title='bbox 1468 1715 1542 1749; x_wconf 87' lang='lat' dir='ltr'><strong>hoc</strong></span> 
     </span>
     <span class='ocr_line' id='line_1_67' title="bbox 850 1754 1543 1806; baseline 0.027 -19"><span class='ocrx_word' id='word_1_386' title='bbox 850 1754 984 1790; x_wconf 87' lang='lat' dir='ltr'><strong>similes</strong></span> <span class='ocrx_word' id='word_1_387' title='bbox 1006 1764 1140 1793; x_wconf 84' lang='lat' dir='ltr'><strong>vocant</strong></span> <span class='ocrx_word' id='word_1_388' title='bbox 1163 1762 1202 1804; x_wconf 90' lang='lat'><strong>5,</strong></span> <span class='ocrx_word' id='word_1_389' title='bbox 1227 1762 1292 1806; x_wconf 89' lang='lat'><strong>14,</strong></span> <span class='ocrx_word' id='word_1_390' title='bbox 1316 1766 1372 1800; x_wconf 83' lang='lat'><strong>32.</strong></span> <span class='ocrx_word' id='word_1_391' title='bbox 1418 1769 1543 1806; x_wconf 88' lang='lat' dir='ltr'><strong>Secuti</strong></span> 
     </span>
     <span class='ocr_line' id='line_1_68' title="bbox 850 1810 1541 1868; baseline 0.03 -25"><span class='ocrx_word' id='word_1_392' title='bbox 850 1810 1008 1847; x_wconf 88' lang='lat' dir='ltr'><strong>Graecos</strong></span> <span class='ocrx_word' id='word_1_393' title='bbox 1027 1816 1062 1857; x_wconf 86' lang='lat'><strong>5,</strong></span> <span class='ocrx_word' id='word_1_394' title='bbox 1079 1818 1136 1860; x_wconf 90' lang='grc'><strong>11,</strong></span> <span class='ocrx_word' id='word_1_395' title='bbox 1155 1819 1212 1853; x_wconf 87' lang='grc'><strong>36.</strong></span> <span class='ocrx_word' id='word_1_396' title='bbox 1235 1820 1328 1868; x_wconf 85' lang='lat' dir='ltr'><strong>sitne</strong></span> <span class='ocrx_word' id='word_1_397' title='bbox 1346 1835 1403 1868; x_wconf 86' lang='lat' dir='ltr'><strong>ap.</strong></span> <span class='ocrx_word' id='word_1_398' title='bbox 1425 1827 1541 1864; x_wconf 85' lang='lat' dir='ltr'><strong>Grae-</strong></span> 
     </span>
     <span class='ocr_line' id='line_1_69' title="bbox 847 1869 1539 1931; baseline 0.029 -30"><span class='ocrx_word' id='word_1_399' title='bbox 847 1878 912 1902; x_wconf 90' lang='lat' dir='ltr'><strong>cos</strong></span> <span class='ocrx_word' id='word_1_400' title='bbox 934 1869 991 1904; x_wconf 83' lang='lat' dir='ltr'><strong>vis</strong></span> <span class='ocrx_word' id='word_1_401' title='bbox 1015 1874 1141 1916; x_wconf 87' lang='lat' dir='ltr'><strong>quaed.</strong></span> <span class='ocrx_word' id='word_1_402' title='bbox 1166 1877 1260 1911; x_wconf 85' lang='lat' dir='ltr'><strong>sexti</strong></span> <span class='ocrx_word' id='word_1_403' title='bbox 1285 1883 1413 1917; x_wconf 81' lang='lat' dir='ltr'><strong>casus?</strong></span> <span class='ocrx_word' id='word_1_404' title='bbox 1439 1886 1480 1927; x_wconf 89' lang='lat'><strong>1,</strong></span> <span class='ocrx_word' id='word_1_405' title='bbox 1501 1885 1539 1931; x_wconf 84' lang='lat'><strong>4,</strong></span> 
     </span>
     <span class='ocr_line' id='line_1_70' title="bbox 845 1925 1538 1987; baseline 0.029 -29"><span class='ocrx_word' id='word_1_406' title='bbox 845 1925 904 1959; x_wconf 88' lang='lat'><strong>26.</strong></span> <span class='ocrx_word' id='word_1_407' title='bbox 938 1927 1028 1974; x_wconf 87' lang='lat' dir='ltr'><strong>legis</strong></span> <span class='ocrx_word' id='word_1_408' title='bbox 1060 1933 1236 1968; x_wconf 86' lang='lat' dir='ltr'><strong>sermonis</strong></span> <span class='ocrx_word' id='word_1_409' title='bbox 1267 1935 1449 1974; x_wconf 82' lang='lat' dir='ltr'><strong>difficilior</strong></span> <span class='ocrx_word' id='word_1_410' title='bbox 1479 1953 1538 1987; x_wconf 88' lang='lat' dir='ltr'><strong>ap.</strong></span> 
     </span>
     <span class='ocr_line' id='line_1_71' title="bbox 848 1981 1539 2038; baseline 0.03 -24"><span class='ocrx_word' id='word_1_411' title='bbox 848 1981 1006 2018; x_wconf 88' lang='lat' dir='ltr'><strong>Graecos</strong></span> <span class='ocrx_word' id='word_1_412' title='bbox 1029 1987 1234 2024; x_wconf 77' lang='lat' dir='ltr'><strong>observatio</strong></span> <span class='ocrx_word' id='word_1_413' title='bbox 1262 1994 1302 2035; x_wconf 87' lang='lat'><strong>1,</strong></span> <span class='ocrx_word' id='word_1_414' title='bbox 1326 1995 1370 2038; x_wconf 89' lang='grc'><strong>5,</strong></span> <span class='ocrx_word' id='word_1_415' title='bbox 1397 1998 1454 2032; x_wconf 85' lang='grc'><strong>29.</strong></span> <span class='ocrx_word' id='word_1_416' title='bbox 1480 1999 1539 2034; x_wconf 80' lang='lat' dir='ltr'><strong>vis</strong></span> 
     </span>
     <span class='ocr_line' id='line_1_72' title="bbox 846 2039 1535 2097; baseline 0.028 -25"><span class='ocrx_word' id='word_1_417' title='bbox 846 2039 878 2073; x_wconf 93' lang='lat' dir='ltr'>O</span> <span class='ocrx_word' id='word_1_418' title='bbox 898 2039 1024 2076; x_wconf 87' lang='lat' dir='ltr'><strong>literae</strong></span> <span class='ocrx_word' id='word_1_419' title='bbox 1047 2054 1102 2087; x_wconf 88' lang='lat' dir='ltr'><strong>ap.</strong></span> <span class='ocrx_word' id='word_1_420' title='bbox 1113 2045 1175 2079; x_wconf 86' lang='lat' dir='ltr'><strong>Gr.</strong></span> <span class='ocrx_word' id='word_1_421' title='bbox 1196 2050 1229 2089; x_wconf 88' lang='lat'><strong>1,</strong></span> <span class='ocrx_word' id='word_1_422' title='bbox 1250 2051 1284 2091; x_wconf 94' lang='lat'><strong>7,</strong></span> <span class='ocrx_word' id='word_1_423' title='bbox 1311 2053 1368 2087; x_wconf 86' lang='lat'><strong>11.</strong></span> <span class='ocrx_word' id='word_1_424' title='bbox 1396 2064 1452 2097; x_wconf 88' lang='lat' dir='ltr'><strong>ap.</strong></span> <span class='ocrx_word' id='word_1_425' title='bbox 1471 2056 1535 2091; x_wconf 90' lang='lat' dir='ltr'><strong>Gr.</strong></span> 
     </span>
     <span class='ocr_line' id='line_1_73' title="bbox 843 2096 1536 2148; baseline 0.026 -19"><span class='ocrx_word' id='word_1_426' title='bbox 843 2096 937 2131; x_wconf 88' lang='lat' dir='ltr'><strong>lator</strong></span> <span class='ocrx_word' id='word_1_427' title='bbox 958 2099 1077 2145; x_wconf 84' lang='lat' dir='ltr'><strong>legum</strong></span> <span class='ocrx_word' id='word_1_428' title='bbox 1102 2103 1147 2135; x_wconf 86' lang='lat' dir='ltr'><strong>ad</strong></span> <span class='ocrx_word' id='word_1_429' title='bbox 1170 2104 1324 2147; x_wconf 83' lang='lat' dir='ltr'><strong>judicem</strong></span> <span class='ocrx_word' id='word_1_430' title='bbox 1340 2112 1536 2148; x_wconf 83' lang='lat' dir='ltr'><strong>vocabatur</strong></span> 
     </span>
     <span class='ocr_line' id='line_1_74' title="bbox 843 2152 1535 2205; baseline 0.027 -19"><span class='ocrx_word' id='word_1_431' title='bbox 843 2155 890 2197; x_wconf 81' lang='lat'><strong>2,</strong></span> <span class='ocrx_word' id='word_1_432' title='bbox 918 2152 962 2198; x_wconf 89' lang='lat'><strong>4,</strong></span> <span class='ocrx_word' id='word_1_433' title='bbox 988 2157 1044 2190; x_wconf 79' lang='lat'><strong>33.</strong></span> <span class='ocrx_word' id='word_1_434' title='bbox 1085 2157 1184 2193; x_wconf 84' lang='lat' dir='ltr'><strong>fictas</strong></span> <span class='ocrx_word' id='word_1_435' title='bbox 1217 2162 1262 2195; x_wconf 85' lang='lat' dir='ltr'><strong>ad</strong></span> <span class='ocrx_word' id='word_1_436' title='bbox 1300 2163 1535 2205; x_wconf 75' lang='lat' dir='ltr'><strong>imitationem</strong></span> 
     </span>
     <span class='ocr_line' id='line_1_75' title="bbox 844 2210 1534 2271; baseline 0.028 -28"><span class='ocrx_word' id='word_1_437' title='bbox 844 2210 918 2244; x_wconf 81' lang='lat' dir='ltr'><strong>fori</strong></span> <span class='ocrx_word' id='word_1_438' title='bbox 946 2213 1247 2261; x_wconf 88' lang='lat' dir='ltr'><strong>consiliorumque</strong></span> <span class='ocrx_word' id='word_1_439' title='bbox 1279 2224 1445 2258; x_wconf 84' lang='lat' dir='ltr'><strong>materias</strong></span> <span class='ocrx_word' id='word_1_440' title='bbox 1476 2238 1534 2271; x_wconf 86' lang='lat' dir='ltr'><strong>ap.</strong></span> 
     </span>
     <span class='ocr_line' id='line_1_76' title="bbox 846 2267 1535 2318; baseline 0.028 -19"><span class='ocrx_word' id='word_1_441' title='bbox 846 2267 909 2301; x_wconf 90' lang='lat' dir='ltr'><strong>Gr.</strong></span> <span class='ocrx_word' id='word_1_442' title='bbox 938 2268 1058 2304; x_wconf 87' lang='lat' dir='ltr'><strong>dicere</strong></span> <span class='ocrx_word' id='word_1_443' title='bbox 1079 2271 1175 2306; x_wconf 87' lang='lat' dir='ltr'><strong>circa</strong></span> <span class='ocrx_word' id='word_1_444' title='bbox 1190 2275 1413 2314; x_wconf 85' lang='lat' dir='ltr'><strong>Demetrium</strong></span> <span class='ocrx_word' id='word_1_445' title='bbox 1439 2283 1535 2318; x_wconf 85' lang='lat' dir='ltr'><strong>Pha-</strong></span> 
     </span>
     <span class='ocr_line' id='line_1_77' title="bbox 841 2324 1536 2385; baseline 0.027 -28"><span class='ocrx_word' id='word_1_446' title='bbox 841 2324 939 2359; x_wconf 85' lang='lat' dir='ltr'><strong>lerea</strong></span> <span class='ocrx_word' id='word_1_447' title='bbox 963 2325 1161 2362; x_wconf 81' lang='lat' dir='ltr'><strong>institutum</strong></span> <span class='ocrx_word' id='word_1_448' title='bbox 1186 2333 1230 2374; x_wconf 80' lang='lat'><strong>2,</strong></span> <span class='ocrx_word' id='word_1_449' title='bbox 1261 2331 1306 2377; x_wconf 87' lang='grc'><strong>4,</strong></span> <span class='ocrx_word' id='word_1_450' title='bbox 1333 2335 1393 2371; x_wconf 85' lang='grc'><strong>41.</strong></span> <span class='ocrx_word' id='word_1_451' title='bbox 1427 2338 1476 2380; x_wconf 66' lang='lat' dir='ltr'><strong>0ss</strong></span> <span class='ocrx_word' id='word_1_452' title='bbox 1498 2344 1536 2385; x_wconf 75' lang='lat'><strong>7,</strong></span> 
     </span>
    </p>
   </div>
   <div class='ocr_carea' id='block_1_16' title="bbox 8 2371 744 2700">
    <p class='ocr_par' dir='ltr' id='par_1_16' title="bbox 10 2371 743 2530">
     <span class='ocr_line' id='line_1_78' title="bbox 10 2371 742 2419; baseline 0.01 -13"><span class='ocrx_word' id='word_1_453' title='bbox 10 2371 242 2415; x_wconf 62' lang='lat' dir='ltr'><strong>Graecus,</strong></span> <span class='ocrx_word' id='word_1_454' title='bbox 286 2371 332 2414; x_wconf 90' lang='lat'><strong>1)</strong></span> <span class='ocrx_word' id='word_1_455' title='bbox 366 2374 476 2408; x_wconf 75' lang='lat' dir='ltr'><strong>Subst.</strong></span> <span class='ocrx_word' id='word_1_456' title='bbox 545 2374 595 2419; x_wconf 85' lang='grc' dir='ltr'><strong>α)</strong></span> <span class='ocrx_word' id='word_1_457' title='bbox 627 2380 742 2414; x_wconf 76' lang='lat' dir='ltr'><strong>Maso.</strong></span> 
     </span>
     <span class='ocr_line' id='line_1_79' title="bbox 54 2426 741 2479; baseline 0.013 -19"><span class='ocrx_word' id='word_1_458' title='bbox 54 2426 103 2472; x_wconf 91' lang='lat' dir='ltr'><strong>a)</strong></span> <span class='ocrx_word' id='word_1_459' title='bbox 131 2429 244 2470; x_wconf 76' lang='lat' dir='ltr'><strong>Sing..·</strong></span> <span class='ocrx_word' id='word_1_460' title='bbox 285 2427 354 2463; x_wconf 85' lang='lat' dir='ltr'><strong>nec</strong></span> <span class='ocrx_word' id='word_1_461' title='bbox 381 2428 476 2464; x_wconf 90' lang='lat' dir='ltr'><strong>idem</strong></span> <span class='ocrx_word' id='word_1_462' title='bbox 504 2429 543 2464; x_wconf 91' lang='lat' dir='ltr'><strong>in</strong></span> <span class='ocrx_word' id='word_1_463' title='bbox 570 2432 741 2479; x_wconf 87' lang='lat' dir='ltr'><strong>Barbaro,</strong></span> 
     </span>
     <span class='ocr_line' id='line_1_80' title="bbox 52 2485 743 2530; baseline 0.013 -13"><span class='ocrx_word' id='word_1_464' title='bbox 52 2485 217 2518; x_wconf 87' lang='lat' dir='ltr'><strong>Romano</strong></span> <span class='ocrx_word' id='word_1_465' title='bbox 232 2509 245 2528; x_wconf 90' lang='lat'><strong>,</strong></span> <span class='ocrx_word' id='word_1_466' title='bbox 290 2485 429 2520; x_wconf 84' lang='lat' dir='ltr'><strong>Graeco</strong></span> <span class='ocrx_word' id='word_1_467' title='bbox 467 2488 651 2530; x_wconf 84' lang='lat' dir='ltr'><strong>probabile</strong></span> <span class='ocrx_word' id='word_1_468' title='bbox 689 2497 743 2526; x_wconf 88' lang='lat' dir='ltr'><strong>est</strong></span> 
     </span>
    </p>

    <p class='ocr_par' dir='ltr' id='par_1_17' title="bbox 21 2539 742 2590">
     <span class='ocr_line' id='line_1_81' title="bbox 21 2539 742 2590; baseline 0.007 -14"><span class='ocrx_word' id='word_1_469' title='bbox 21 2573 26 2577; x_wconf 86' lang='grc'><strong><em>,</em></strong></span> <span class='ocrx_word' id='word_1_470' title='bbox 54 2542 90 2583; x_wconf 83' lang='grc'><strong>5,</strong></span> <span class='ocrx_word' id='word_1_471' title='bbox 106 2542 164 2583; x_wconf 88' lang='grc'><strong>10,</strong></span> <span class='ocrx_word' id='word_1_472' title='bbox 178 2539 237 2574; x_wconf 89' lang='grc'><strong>24.</strong></span> <span class='ocrx_word' id='word_1_473' title='bbox 261 2543 614 2589; x_wconf 82' lang='lat' dir='ltr'><strong>consummationem,</strong></span> <span class='ocrx_word' id='word_1_474' title='bbox 639 2558 742 2590; x_wconf 87' lang='lat' dir='ltr'><strong>quam</strong></span> 
     </span>
    </p>

    <p class='ocr_par' dir='ltr' id='par_1_18' title="bbox 8 2595 744 2700">
     <span class='ocr_line' id='line_1_82' title="bbox 8 2595 744 2646; baseline 0.008 -16"><span class='ocrx_word' id='word_1_475' title='bbox 8 2608 29 2615; x_wconf 48' lang='lat' dir='ltr'><strong>r</strong></span> <span class='ocrx_word' id='word_1_476' title='bbox 53 2596 213 2631; x_wconf 74' lang='lat' dir='ltr'><strong>Graecus</strong></span> <span class='ocrx_word' id='word_1_477' title='bbox 236 2596 278 2641; x_wconf 86' lang='grc' dir='ltr'><strong>(ἰ.</strong></span> <span class='ocrx_word' id='word_1_478' title='bbox 305 2611 336 2632; x_wconf 85' lang='lat' dir='ltr'><strong>e.</strong></span> <span class='ocrx_word' id='word_1_479' title='bbox 362 2598 521 2643; x_wconf 76' lang='lat' dir='ltr'><strong>Gorgias)</strong></span> <span class='ocrx_word' id='word_1_480' title='bbox 544 2595 744 2646; x_wconf 72' lang='grc' dir='ltr'><strong>διαλλαγήν</strong></span> 
     </span>
     <span class='ocr_line' id='line_1_83' title="bbox 53 2653 743 2700; baseline 0.007 -12"><span class='ocrx_word' id='word_1_481' title='bbox 53 2659 162 2689; x_wconf 74' lang='lat' dir='ltr'><strong>vocat</strong></span> <span class='ocrx_word' id='word_1_482' title='bbox 182 2653 226 2696; x_wconf 89' lang='grc'><strong>9,</strong></span> <span class='ocrx_word' id='word_1_483' title='bbox 249 2657 286 2700; x_wconf 86' lang='grc'><strong>2,</strong></span> <span class='ocrx_word' id='word_1_484' title='bbox 314 2657 392 2691; x_wconf 87' lang='grc'><strong>103.</strong></span> <span class='ocrx_word' id='word_1_485' title='bbox 437 2656 477 2700; x_wconf 85' lang='lat' dir='ltr'><strong>b)</strong></span> <span class='ocrx_word' id='word_1_486' title='bbox 504 2659 620 2692; x_wconf 78' lang='lat' dir='ltr'><strong>Phar..-</strong></span> <span class='ocrx_word' id='word_1_487' title='bbox 652 2659 743 2695; x_wconf 81' lang='lat' dir='ltr'><strong>Ora-</strong></span> 
     </span>
    </p>
   </div>
   <div class='ocr_carea' id='block_1_17' title="bbox 842 2379 1535 2492">
    <p class='ocr_par' dir='ltr' id='par_1_19' title="bbox 842 2379 1535 2492">
     <span class='ocr_line' id='line_1_84' title="bbox 842 2379 1535 2432; baseline 0.027 -19"><span class='ocrx_word' id='word_1_488' title='bbox 842 2379 883 2422; x_wconf 84' lang='lat'><strong>4,</strong></span> <span class='ocrx_word' id='word_1_489' title='bbox 912 2382 969 2416; x_wconf 81' lang='lat'><strong>36.</strong></span> <span class='ocrx_word' id='word_1_490' title='bbox 1012 2395 1068 2427; x_wconf 85' lang='lat' dir='ltr'><strong>ap.</strong></span> <span class='ocrx_word' id='word_1_491' title='bbox 1106 2385 1262 2422; x_wconf 85' lang='lat' dir='ltr'><strong>Graecos</strong></span> <span class='ocrx_word' id='word_1_492' title='bbox 1292 2390 1462 2430; x_wconf 84' lang='lat' dir='ltr'><strong>historiae</strong></span> <span class='ocrx_word' id='word_1_493' title='bbox 1496 2403 1535 2432; x_wconf 88' lang='lat' dir='ltr'><strong>et</strong></span> 
     </span>
     <span class='ocr_line' id='line_1_85' title="bbox 843 2438 1532 2492; baseline 0.028 -23"><span class='ocrx_word' id='word_1_494' title='bbox 843 2438 1042 2473; x_wconf 84' lang='lat' dir='ltr'><strong>orationum</strong></span> <span class='ocrx_word' id='word_1_495' title='bbox 1069 2442 1224 2478; x_wconf 85' lang='lat' dir='ltr'><strong>lectione</strong></span> <span class='ocrx_word' id='word_1_496' title='bbox 1257 2447 1449 2492; x_wconf 83' lang='lat' dir='ltr'><strong>discipulos</strong></span> <span class='ocrx_word' id='word_1_497' title='bbox 1473 2453 1532 2488; x_wconf 90' lang='lat' dir='ltr'><strong>in-</strong></span> 
     </span>
    </p>
   </div>
   <div class='ocr_carea' id='block_1_18' title="bbox 841 2494 1532 2726">
    <p class='ocr_par' dir='ltr' id='par_1_20' title="bbox 841 2494 1532 2726">
     <span class='ocr_line' id='line_1_86' title="bbox 843 2494 1530 2550; baseline 0.029 -25"><span class='ocrx_word' id='word_1_498' title='bbox 843 2494 929 2526; x_wconf 84' lang='lat' dir='ltr'><strong>strui</strong></span> <span class='ocrx_word' id='word_1_499' title='bbox 948 2498 982 2538; x_wconf 84' lang='lat'><strong>2,</strong></span> <span class='ocrx_word' id='word_1_500' title='bbox 999 2496 1033 2539; x_wconf 90' lang='lat'><strong>5,</strong></span> <span class='ocrx_word' id='word_1_501' title='bbox 1054 2499 1088 2532; x_wconf 87' lang='lat'><strong>3.</strong></span> <span class='ocrx_word' id='word_1_502' title='bbox 1114 2509 1136 2533; x_wconf 87' lang='lat' dir='ltr'><strong>a</strong></span> <span class='ocrx_word' id='word_1_503' title='bbox 1149 2500 1294 2537; x_wconf 87' lang='lat' dir='ltr'><strong>Graecis</strong></span> <span class='ocrx_word' id='word_1_504' title='bbox 1312 2509 1530 2550; x_wconf 81' lang='lat' dir='ltr'><strong>compositae</strong></span> 
     </span>
     <span class='ocr_line' id='line_1_87' title="bbox 841 2550 1532 2602; baseline 0.03 -20"><span class='ocrx_word' id='word_1_505' title='bbox 841 2550 1044 2595; x_wconf 87' lang='lat' dir='ltr'><strong>orationes,</strong></span> <span class='ocrx_word' id='word_1_506' title='bbox 1089 2555 1216 2599; x_wconf 86' lang='lat' dir='ltr'><strong>quibus</strong></span> <span class='ocrx_word' id='word_1_507' title='bbox 1253 2560 1313 2595; x_wconf 85' lang='lat' dir='ltr'><strong>alii</strong></span> <span class='ocrx_word' id='word_1_508' title='bbox 1348 2568 1532 2602; x_wconf 83' lang='lat' dir='ltr'><strong>uterentur</strong></span> 
     </span>
     <span class='ocr_line' id='line_1_88' title="bbox 841 2608 1530 2659; baseline 0.032 -21"><span class='ocrx_word' id='word_1_509' title='bbox 841 2608 887 2649; x_wconf 78' lang='lat'><strong>3,</strong></span> <span class='ocrx_word' id='word_1_510' title='bbox 909 2608 956 2650; x_wconf 84' lang='grc'><strong>8,</strong></span> <span class='ocrx_word' id='word_1_511' title='bbox 983 2610 1038 2644; x_wconf 82' lang='grc'><strong>50.</strong></span> <span class='ocrx_word' id='word_1_512' title='bbox 1079 2610 1300 2651; x_wconf 87' lang='lat' dir='ltr'><strong>Graecorum</strong></span> <span class='ocrx_word' id='word_1_513' title='bbox 1332 2620 1530 2659; x_wconf 78' lang='lat' dir='ltr'><strong>Proverbia</strong></span> 
     </span>
     <span class='ocr_line' id='line_1_89' title="bbox 844 2665 1529 2726; baseline 0.028 -30"><span class='ocrx_word' id='word_1_514' title='bbox 844 2665 876 2705; x_wconf 87' lang='lat'><strong>1,</strong></span> <span class='ocrx_word' id='word_1_515' title='bbox 906 2665 959 2707; x_wconf 88' lang='grc'><strong>10,</strong></span> <span class='ocrx_word' id='word_1_516' title='bbox 983 2667 1026 2699; x_wconf 87' lang='grc'><strong>21</strong></span> <span class='ocrx_word' id='word_1_517' title='bbox 1051 2667 1100 2703; x_wconf 87' lang='lat' dir='ltr'><strong>N.</strong></span> <span class='ocrx_word' id='word_1_518' title='bbox 1127 2669 1162 2712; x_wconf 84' lang='lat'><strong>5,</strong></span> <span class='ocrx_word' id='word_1_519' title='bbox 1186 2670 1243 2716; x_wconf 82' lang='lat'><strong>14,</strong></span> <span class='ocrx_word' id='word_1_520' title='bbox 1268 2675 1327 2711; x_wconf 82' lang='grc'><strong>31.</strong></span> <span class='ocrx_word' id='word_1_521' title='bbox 1350 2679 1407 2722; x_wconf 90' lang='grc'><strong>11,</strong></span> <span class='ocrx_word' id='word_1_522' title='bbox 1423 2682 1457 2726; x_wconf 89' lang='lat'><strong>1,</strong></span> <span class='ocrx_word' id='word_1_523' title='bbox 1472 2682 1529 2717; x_wconf 86' lang='lat'><strong>30.</strong></span> 
     </span>
    </p>
   </div>
  </div>
 </body>
</html>
