1728 3002
535 217 693 275 Defigo
722 243 778 250 --
809 215 1031 260 Deforme.
1469 216 1554 258 209

63 331 419 414 deficiet)⁴nm11>1rero7
438 341 523 377 pars
548 330 692 367 diversa
716 329 822 375 5,··7‚
850 334 908 367 23.
941 330 1079 367 viribus
1101 329 1309 366 deficientur
1334 327 1388 376 (a.
1410 333 1434 365 t.
1461 329 1550 365 defi-

13 379 568 482 Dgiigouf)0c'u1is'in’temm
588 435 716 470 defixis
742 437 799 478 11,
822 437 858 478 3,
881 435 961 470 158.

14 481 204 526 Definio.
254 504 373 538 neque
405 503 474 539 ego
503 503 615 527 annos
642 493 807 528 definiam
831 495 899 534 12,
922 491 965 534 6,
989 493 1023 526 1.
1057 501 1126 525 nec
1147 499 1223 525 uno
1247 491 1358 525 modo
1382 491 1550 526 definitur

60 551 119 574 res
144 541 269 574 eadem
289 559 337 566 ·—
361 544 398 574 et
419 539 545 574 latiore
569 539 744 584 varioque
771 544 922 573 tractatu
945 541 980 580 7,
1003 539 1038 580 3,
1067 538 1120 572 16.
1155 542 1283 572 certa
1309 538 1410 572 defi
1421 540 1547 573 n'ita-

59 585 300 665 2‹111‹÷¹1nate1·ia
330 588 374 628 7,
410 587 477 629 10,
509 588 542 620 7.
578 591 614 620 et
637 587 883 634 generales
906 583 1132 629 quaestiones
1156 589 1194 618 et
1215 583 1476 629 definitae,
1511 585 1547 630 7,

13 657 253 740 Definilioo·
275 706 323 714 --
363 698 447 732 pars
480 687 720 723 translationis
749 691 793 732 3,
827 688 872 731 6,
901 686 959 721 42.
996 686 1036 721 in
1062 686 1326 722 definitionibus
1348 686 1549 735 assignatur

157 735 299 781 ologxae
318 735 423 769 locus
450 736 491 777 1,
516 736 557 777 6,
584 735 640 770 29.
1163 759 1169 771 .

12 777 82 821 De
116 788 224 821 001⁰·
270 790 311 836 1)
342 800 519 826 averto.-
553 791 803 826 Germanicum
833 790 1032 835 Augustum
1065 789 1115 823 ab
1137 787 1306 823 institutis
1333 789 1459 823 studiis
1482 790 1548 824 de-

35 837 160 894 ⁸flexit
182 848 269 872 cura
293 844 467 872 terrarum
491 840 558 880 10,
589 841 630 879 1,
653 839 711 872 91.
748 838 795 871 in
824 838 923 881 ipsos
955 838 1086 870 factum
1121 835 1323 869 deflectitur
1347 839 1389 878 7,
1417 839 1460 878 2,
1487 838 1546 871 23.

59 883 157 927 quod
179 884 408 919 adversarius
429 884 478 918 in
501 895 599 918 suam
621 883 808 918 utilitatem
834 884 1025 917 deflectere
1052 887 1167 926 potest
1192 882 1228 923 4,
1254 886 1287 924 1,
1315 885 1372 917 71.
1416 882 1478 926 n)
1505 884 1549 916 de

59 930 240 963 mutatione
267 927 541 974 pronuntiationis
565 937 622 962 aut
649 933 825 963 sermonis.-
858 930 953 962 mala
975 930 1036 962 vel
1066 927 1245 962 imbecilla
1270 927 1364 970 (vox)
1398 945 1435 952 -
1480 928 1548 962 ali-

4 1019 10 1024 ·
59 985 132 1020 qua
154 975 270 1022 cogit,
306 982 344 1009 ut
366 976 598 1010 intermittere
624 981 660 1010 et
689 977 878 1010 deflectere
903 984 961 1008 etc.
982 978 1055 1016 ..11,
1079 976 1121 1016 3,
1149 976 1204 1008 13.
1242 984 1359 1008 sermo
1385 980 1548 1008 rectus
1601 996 1612 1008 .

11 1027 13 1030 “
59 1026 98 1055 et
119 1023 316 1056 secundum
339 1027 500 1056 naturam
523 1022 722 1056 enuntiatus
753 1021 843 1055 nihil
872 1022 1007 1054 habere
1036 1031 1085 1055 ex
1110 1019 1256 1054 inuenio
1283 1020 1446 1054 videtur:
1486 1020 1548 1054 illa

56 1061 172 1109 ven-6,
201 1078 293 1112 quae
315 1073 496 1113 utcunque
524 1069 711 1103 deflexa
734 1074 838 1110 sunt,
865 1073 1035 1111 tanquam
1057 1048 1290 1110 exquisitiora
1317 1066 1487 1100 miramur
1510 1069 1548 1110 2,

60 1114 102 1155 5,
135 1116 191 1147 11.
230 1115 343 1156 haec,
376 1126 467 1158 quae
490 1108 628 1148 mnium
650 1114 744 1147 inter
769 1125 808 1148 se
835 1119 1063 1159 pugnant,
1102 1114 1310 1167 plerumque
1341 1111 1547 1146 nominibus

61 1158 270 1193 deflecti
301 1161 350 1199 (ἰ.
378 1173 409 1194 e.
440 1163 620 1194 mutatis
650 1162 899 1193 nominibus
922 1163 1039 1192 inter
1064 1171 1108 1191 se
1132 1158 1401 1202 conctliari)
1429 1160 1547 1193 solent

60 1206 96 1245 3,
112 1205 156 1246 8,
172 1206 219 1239 32
237 1205 281 1239 Ν.
307 1215 387 1238 cum
403 1205 449 1240 sit
463 1218 485 1240 a
509 1205 661 1250 simplici
678 1206 846 1250 loquendi
865 1216 997 1252 genere
1021 1204 1162 1238 deflexa
1179 1204 1338 1247 (figura),
1361 1205 1476 1238 virtus
1493 1210 1548 1239 est

57 1251 95 1292 9,
106 1252 150 1340 ἐς,
167 1253 203 1332 (ἒ.
225 1249 271 1292 ‹J-
286 1251 322 1294 9,
346 1254 379 1294 1,
399 1253 434 1287 3.
459 1253 504 1287 ab
527 1251 766 1297 asperioribus
785 1253 830 1285 ad
844 1251 981 1286 leniora
1005 1250 1205 1284 deflectitur
1227 1254 1280 1293 (a.
1297 1254 1321 1285 1.
1333 1250 1418 1285 inde
1430 1251 1548 1285 flecti-

10 1337 180 1383 Defleo.
230 1352 437 1388 deflebimus
461 1353 687 1389 eversionem
719 1353 876 1390 civitatis
908 1356 950 1396 3,
974 1355 1015 1395 8,
1045 1356 1103 1387 12.
1146 1352 1466 1391 Thebassdeflevit
1490 1355 1547 1397 11,

57 1401 94 1441 3,
119 1399 196 1435 168.
224 1398 341 1434 aliena
367 1401 461 1434 mala
483 1401 655 1434 deflentes
679 1401 715 1444 6,
741 1405 773 1444 1,
800 1401 856 1436 26.
884 1400 923 1434 in
946 1401 1110 1434 deflenda
1135 1411 1226 1434 nece
1248 1402 1305 1442 11,
1329 1401 1364 1442 3,
1387 1401 1424 1434 8.

10 1451 185 1496 ΒΘΠΠΟ·
232 1465 272 1500 in
309 1468 429 1502 omnia
457 1468 664 1503 deliciarum
694 1468 783 1503 vitia
810 1468 1024 1502 defluximus
1058 1471 1099 1510 1,
1125 1468 1171 1510 8,
1194 1468 1235 1509 9;
1274 1473 1410 1501 tantum
1434 1467 1478 1501 ab
1502 1477 1548 1502 eo

57 1510 332 1557 (adolescentes)
367 1515 668 1559 defluebant,
702 1521 872 1560 quantum
902 1515 963 1548 ille
997 1513 1178 1558 (Seneca)
1210 1515 1257 1547 ab
1286 1513 1440 1558 antiquis
1475 1514 1549 1547 de-

58 1559 314 1592 scenderat
342 1562 398 1604 10,
423 1564 457 1604 1,
486 1562 554 1596 126
579 1562 626 1596 Ν.
660 1580 668 1588 =

9 1599 244 1645 Deformis·
287 1614 330 1660 a)
351 1619 552 1662 producere
574 1618 696 1662 ipsos,
721 1617 784 1661 qui
801 1617 1061 1661 periclitentur,
1083 1615 1324 1661 squalidos
1348 1621 1454 1660 atque
1478 1616 1550 1650 de-

57 1661 232 1695 formes
257 1666 294 1703 6,
324 1666 357 1706 1,
382 1666 438 1698 30.
474 1664 570 1709 quod
592 1669 647 1698 est
672 1669 862 1707 utrumque
890 1665 1051 1697 deforme
1079 1666 1136 1706 11,
1160 1665 1195 1705 3,
1221 1663 1299 1697 106.
1328 1674 1394 1706 per
1420 1673 1460 1696 se
1484 1663 1550 1696 de-

57 1706 175 1740 forme
197 1708 240 1755 8,
265 1711 302 1751 4,
326 1710 362 1744 8.
388 1711 525 1745 dandus
551 1710 622 1744 illis
645 1710 940 1743 deformibus
966 1711 1105 1743 color
1137 1711 1180 1751 3,
1204 1709 1247 1751 8,
1273 1707 1332 1742 44.
1362 1708 1460 1742 dictu
1484 1709 1549 1742 de-

57 1752 189 1804 formio
223 1760 268 1800 1,
304 1756 348 1797 3,
383 1757 440 1790 16.
480 1758 523 1799 8,
558 1757 601 1798 6,
637 1757 702 1797 59;
746 1756 961 1789 deforme
993 1761 1099 1800 atque
1132 1754 1310 1789 servile
1339 1760 1416 1797 est,
1446 1754 1550 1788 caedi

10 1831 12 1833 .
59 1798 238 1836 dlssoemes
262 1805 297 1845 1,
319 1803 363 1844 3,
390 1801 446 1835 14.
479 1802 621 1836 interim
647 1802 864 1846 persuadere
891 1802 1053 1835 deforme
1081 1800 1127 1834 sit
1151 1804 1208 1844 11,
1235 1804 1269 1843 1,
1297 1803 1351 1835 11.
1381 1799 1426 1842 qs.
1452 1802 1487 1843 9,
1512 1800 1550 1842 4,

60 1845 120 1878 '72-
155 1846 220 1889 11,
248 1850 292 1890 3,
316 1849 375 1881 81.
402 1848 480 1882 125.
533 1847 578 1892 β)
611 1860 641 1881 e.
675 1849 892 1881 Nominibus.-
928 1849 1108 1881 deformes
1134 1846 1322 1880 blanditias
1352 1847 1395 1888 8,
1424 1847 1467 1889 3,
1490 1847 1548 1880 65.

63 1889 150 1922 def.
178 1898 215 1925 et
236 1892 525 1927 incommoda
557 1894 683 1927 turbae
711 1893 929 1927 conflictatio
959 1896 998 1936 3,
1027 1894 1070 1936 8,
1093 1894 1150 1928 29.
1182 1911 1227 1916 -
1263 1892 1429 1926 convicia
1454 1895 1489 1933 6,
1515 1894 1550 1934 4,

63 1936 120 1968 10.
143 1950 186 1958 -
209 1939 411 1981 exemptum
435 1941 469 1977 3,
482 1943 518 1981 7,
534 1941 591 1973 21.
614 1959 661 1965 ——·
683 1939 871 1973 haesitatio
896 1943 953 1982 11,
978 1943 1013 1981 2,
1037 1938 1095 1973 48.
1120 1959 1168 1965 —-
1191 1939 1304 1972 libido
1321 1940 1355 1980 8,
1375 1939 1411 1980 6,
1431 1937 1488 1971 40.
1504 1956 1551 1962 -

61 1980 206 2024 aliquod
239 1993 371 2017 nomen
400 1984 444 2025 9,
472 1983 518 2026 4,
541 1986 598 2018 33.
629 1984 829 2018 orationem
861 1985 1006 2031 magis
1030 1986 1103 2019 def.
1143 1985 1186 2024 9,
1210 1984 1256 2027 4,
1283 1986 1340 2018 15.
1378 1984 1450 2018 def.
1477 1992 1551 2026 pax

62 2028 98 2069 2,
126 2026 184 2071 16,
206 2031 243 2063 7.
275 2045 309 2054 -—
334 2028 530 2072 pertinacia
553 2032 610 2071 12,
634 2032 668 2072 1,
694 2032 751 2063 13.
776 2048 820 2055 -
848 2030 1024 2064 consumti
1047 2029 1191 2074 spiritus
1215 2041 1325 2063 sonus
1350 2032 1407 2071 11,
1431 2031 1465 2068 3,
1491 2030 1550 2062 53.

60 2091 110 2098 —·—
130 2073 315 2108 &anslatio
338 2075 374 2113 8,
400 2075 436 2115 6,
463 2075 519 2108 15.
550 2084 626 2108 non
657 2075 863 2108 deformi
888 2077 1075 2120 voluptate
1099 2076 1164 2109 sed
1199 2085 1300 2108 cum
1333 2075 1473 2107 laude
1508 2083 1552 2107 ac

63 2117 235 2163 dignitate
258 2119 448 2163 conjuncta
471 2120 507 2161 8,
533 2120 591 2153 Pr.
617 2121 662 2153 33
684 2123 729 2157 Z.

0 2155 297 2206 *Deformitas
350 2174 395 2219 Ι)
425 2177 469 2209 de
490 2177 694 2219 turpitudine
710 2174 866 2216 formae.-
905 2176 977 2210 (fef.
1005 2176 1107 2210 affert
1128 2175 1242 2221 frigus
1274 2175 1318 2217 6,
1346 2177 1385 2216 1,
1410 2176 1467 2209 37.
1491 2173 1550 2208 40.

63 2219 184 2254 amissi
207 2221 301 2255 oculi
326 2222 397 2255 def.
422 2224 459 2264 2,
483 2222 540 2263 13,
567 2223 622 2256 12.
648 2222 781 2255 collum
803 2221 947 2255 diversa
970 2222 1113 2265 quidem
1137 2223 1200 2255 sed
1225 2221 1301 2265 pari
1327 2220 1553 2254 deformitate

62 2271 99 2300 et
122 2268 343 2302 contrahitur
366 2273 401 2301 et
423 2267 581 2301 tenditur
602 2270 660 2310 11,
675 2269 709 2310 3,
722 2268 780 2302 82.
803 2267 896 2301 risus
911 2268 1019 2301 habet
1041 2269 1164 2302 sedem
1185 2267 1223 2300 in
1248 2266 1553 2300 deformitate
1571 2299 1578 2302 .

63 2311 182 2355 aliqua
205 2319 241 2346 et
267 2312 575 2356 turpitudine
601 2313 644 2356 6,
665 2315 711 2356 3,
738 2314 773 2348 8.
828 2313 877 2354 Π)
910 2315 953 2346 de
979 2317 1147 2356 pravitate
1169 2325 1315 2346 morum.-
1352 2317 1393 2346 ut
1419 2323 1486 2356 per
1512 2323 1553 2346 se

62 2358 200 2392 foeda
219 2358 388 2393 vomendi
408 2358 602 2392 necessitas
617 2375 662 2383 -—
678 2359 772 2392 hanc
792 2369 935 2403 quoque
950 2358 1120 2402 adjiceret
1136 2360 1157 2391 d
1169 2359 1219 2392 ef
1222 2358 1494 2400 ormitatem,
1512 2363 1554 2392 ut

64 2402 167 2437 cibus
186 2404 303 2438 teneri
326 2415 398 2438 non
416 2410 538 2448 posset
559 2404 732 2449 postridie
754 2406 790 2446 9,
803 2404 838 2447 4,
855 2407 901 2439 30
915 2409 958 2443 Ζ.
983 2405 1015 2439 si
1039 2416 1108 2450 qua
1130 2410 1184 2439 est
1206 2404 1260 2438 rei
1284 2405 1355 2438 def.
1382 2405 1419 2447 8,
1441 2407 1476 2447 3,
1492 2405 1551 2440 39.

65 2449 351 2483 deformitati
370 2451 572 2494 proximum
588 2456 642 2485 est
660 2451 761 2484 hum
774 2451 855 2484 ilit
866 2463 884 2484 a
897 2451 956 2485 tis
978 2451 1107 2485 vitium
1122 2453 1164 2484 ib.
1174 2450 1231 2486 48.
1260 2450 1369 2484 inimo
1388 2451 1549 2492 hercule,

64 2496 164 2538 quod
179 2501 232 2529 est
245 2495 330 2529 huic
351 2495 566 2530 deformitati
582 2497 742 2541 propius,
761 2497 933 2542 cymbalis
945 2497 1153 2539 adjuvemus
1167 2496 1275 2540 (vocis
1283 2494 1551 2538 modulationem)

0 2519 125 2639 tull,
141 2542 176 2583 3,
198 2542 257 2576 59.
288 2541 320 2575 si
345 2541 522 2586 judicibus
544 2541 630 2586 ipsis
653 2542 870 2577 deformitati
894 2548 948 2577 est
969 2543 1091 2576 futura
1112 2542 1288 2577 absolutio
1310 2541 1365 2577 rei
1386 2542 1423 2585 6,
1439 2545 1472 2585 1,
1496 2544 1553 2576 12.

0 2641 1 2645 ,
64 2595 295 2638 eformiter.
337 2610 502 2652 junctura
525 2609 596 2644 def.
621 2616 727 2644 sonat
751 2611 796 2654 8,
824 2612 868 2653 3,
894 2609 954 2646 45.
990 2611 1101 2645 multa
1124 2611 1198 2645 def.
1223 2610 1319 2644 dicet
1343 2612 1408 2653 11,
1435 2611 1471 2652 1,
1493 2609 1553 2645 82.

7 2652 39 2695 f.
66 2663 142 2687 non
164 2655 238 2689 def.
261 2660 441 2699 respectet
461 2654 657 2700 (actor-Y!
692 2659 751 2701 12,
774 2659 810 2699 3,
834 2659 870 2690 2.

6 2697 12 2707 ’
66 2697 243 2742 eformo.
290 2710 322 2755 1)
346 2715 371 2746 ί.
394 2725 429 2758 q.
454 2725 705 2757 corrumpo.-
730 2714 977 2748 deformamnt
1002 2713 1053 2757 ’(α.
1081 2717 1104 2748 1.
1128 2709 1440 2754 deformaverunt)
1470 2712 1555 2745 Cic.

0 2764 2 2787 t
66 2754 105 2797 9,
122 2757 159 2798 3,
169 2757 229 2791 31.
250 2757 343 2793 haec
366 2757 444 2803 ipsa
465 2757 596 2792 fiducia
617 2760 801 2794 lacerat
828 2771 871 2793 ac
898 2761 1127 2794 deformat
1149 2758 1351 2793 orationem
1373 2759 1429 2798 10,
1445 2759 1479 2798 7,
1497 2758 1553 2790 32.

20 2826 26 2837 ;
67 2800 260 2836 monilibus
282 2811 368 2848 etc„
406 2814 499 2850 quae
527 2809 611 2840 sunt
632 2810 841 2842 ornamenta
866 2805 1103 2849 feminarum,
1134 2805 1382 2839 deformentur
1403 2801 1474 2837 viri
1499 2804 1557 2844 11.

0 2825 29 2973 :m
110 2870 196 2902 1³¹·
226 2870 341 2913 Quint·
1115 2870 1161 2906 14

0 2968 3 3002 f
