1728 3002
222 273 304 313 510
697 271 964 329 Mancipium
989 298 1048 306 -—
1073 274 1335 321 Manifestus

269 397 379 421 curae
403 390 566 431 putamus
590 387 648 430 12,
673 387 709 431 1,
731 387 767 422 8.
802 387 917 423 malos
941 388 1061 424 odisse
1089 391 1148 435 11,
1175 393 1212 434 1,
1234 389 1294 426 42.
1317 391 1447 429 ,omnia
1471 395 1608 429 scelera
1635 392 1676 428 in
1697 404 1728 429 m

268 433 325 467 los
360 433 488 466 cadant
522 435 560 476 7,
582 434 619 475 2,
644 434 702 467 31.
749 434 902 469 facultas
929 435 1095 479 dicendi,
1131 436 1162 471 si
1195 437 1235 471 in
1258 439 1407 473 malos
1446 438 1593 484 incidit,
1625 446 1664 474 et
1694 439 1728 485 ἰῇ

267 485 324 514 est
356 479 540 512 malum:
582 479 726 523 pejores
763 479 860 514 enim
899 481 983 527 illos
1022 483 1128 526 facit,
1168 483 1297 528 quibus
1327 484 1480 533 contigit
1524 489 1590 530 12,
1633 489 1673 529 1,
1714 488 1728 522 ἒ

267 537 302 560 v.
327 523 552 569 Iniquus;
597 531 658 559 aut
689 524 749 568 id,
782 527 882 571 quod
913 527 1139 573 optimum
1178 535 1255 574 est,
1291 524 1353 565 aut
1389 527 1451 575 id,
1486 534 1581 582 quod
1626 531 1728 566 minii

267 572 440 605 malum
464 573 502 614 7,
526 574 560 612 1,
587 573 645 606 37.
677 572 769 606 mala
791 572 892 607 multi
917 575 1070 618 probant
1095 578 1150 618 12,
1177 578 1234 619 10,
1257 577 1315 612 76.
1340 589 1375 611 v.
1398 577 1569 613 Bonus.
1587 577 1648 622 11)
1677 581 1728 614 Cm

266 625 406 662 parat„-
441 618 658 662 pejorem
683 629 827 653 causam
854 620 1097 655 meliorem
1120 622 1243 656 facere
1274 625 1309 666 2,
1337 623 1393 667 16,
1430 625 1465 658 3.
1500 622 1546 665 cs.
1578 626 1613 668 3,
1644 626 1679 668 8,
1713 626 1728 660 ἒ

265 676 301 709 p.
331 663 431 700 viam
455 666 512 708 12,
540 666 573 717 1,
598 666 631 717 3.
677 676 712 709 p.
740 665 1019 710 illud-(vitium)
1042 670 1078 710 2,
1105 666 1141 710 4,
1165 666 1212 710 4;
1248 670 1345 713 quod
1380 670 1483 714 pejus
1507 676 1562 704 est
1589 674 1624 713 2,
1652 670 1686 714 5,
1715 673 1728 704 1

266 709 312 752 eff.
339 714 373 754 1,
395 712 490 762 3,.2.
538 711 629 745 1111111
652 711 793 763 [1001118
822 717 877 746 est
902 712 967 755 iis,
1000 713 1081 758 qui
1106 721 1167 747 etc.
1194 718 1229 758 1,
1255 718 1288 758 1,
1313 717 1347 750 8.
1374 727 1477 759 011111,
1509 722 1653 761 reperto
1676 727 1728 761 ¹1¹¹*

266 763 322 791 est
351 762 594 800 optimum,
630 768 691 801 qul
715 758 854 802 quaerit
882 759 998 802 aliud,
1032 760 1171 803 pejus
1192 761 1283 796 velit
1306 764 1348 805 2,
1386 763 1451 805 15,
1485 764 1541 798 38.
1591 763 1728 796 declina

265 803 313 838 in
337 803 475 848 pejus
504 805 560 846 10,
585 805 621 846 2,
647 804 703 838 16.
752 804 903 839 consilia
932 806 1110 839 ducantur
1133 806 1180 840 in
1213 818 1249 851 p.
1282 809 1328 851 2,
1363 810 1401 850 1,
1434 809 1490 843 16.
1538 809 1633 842 bona
1660 807 1728 850 ,fad

265 855 447 885 mutantur
469 849 515 883 in
538 861 574 892 p.
603 851 638 892 1,
674 852 708 893 1,
743 850 783 893 53
827 862 913 885 cura
945 852 1107 895 pejora
1131 853 1188 895 10,
1219 851 1257 896 4,
1288 854 1324 887 3.
1371 853 1488 898 aliqua
1516 856 1641 899 pejora
1671 865 1728 890 ve]

264 899 322 939 12,
348 897 383 939 8,
408 896 444 932 6.
490 895 697 940 utinamque
731 907 806 931 non
838 898 961 941 pejora
987 897 1134 932 vincant
1165 899 1201 941 9,
1233 900 1269 940 3,
1304 901 1339 934 1.
1386 902 1439 934 ad
1468 903 1637 945 peiora
1667 901 1728 945 juv

262 954 329 977 nes
357 943 463 976 laude
488 942 666 975 ducuntur
702 943 736 986 5,
763 946 818 985 12,
844 947 902 978 22.
952 945 1007 978 ad
1032 946 1124 988 pej.
1157 943 1275 979 facilis
1299 947 1332 988 1,
1359 947 1396 989 2,
1422 945 1456 980 4.
1494 947 1559 989 ΠΙ)
1594 948 1718 991 supe

263 993 362 1023 lam
396 987 634 1033 pessimorum
657 989 844 1023 hominum
869 993 906 1033 2,
938 991 993 1032 15,
1019 992 1076 1024 32.
1103 1002 1224 1035 pess.
1250 996 1356 1036 atque
1383 993 1569 1035 optimo
1599 993 1683 1028 viro
1715 997 1727 1027 1

264 1038 299 1080 1,
324 1036 358 1071 9.
405 1045 498 1079 pess.
527 1035 797 1069 consuetudinis
827 1038 883 1078 12,
910 1036 947 1079 S,
975 1035 1008 1071 5.
1057 1048 1093 1080 p.
1122 1036 1283 1071 moribus
1316 1038 1374 1072 Pr.
1401 1037 1456 1073 15.
1483 1038 1640 1072 omnium
1662 1038 1726 1075 viti

259 1092 341 1117 rum
370 1081 563 1125 pessimum
587 1082 622 1125 8,
649 1083 683 1124 3,
709 1082 766 1116 56.
792 1082 988 1126 pessimum
1019 1093 1109 1117 vero
1143 1083 1229 1128 (Sp.
1274 1083 1564 1130 turpissimum),
1587 1095 1664 1120 non
1687 1096 1725 1121 ec

262 1128 389 1163 ordine
425 1126 579 1172 exequi,
622 1138 695 1172 quo
728 1127 884 1174 quidque
916 1128 1148 1173 proposueris
1179 1127 1226 1173 4,
1258 1131 1293 1174 5,
1329 1131 1377 1165 28
1397 1134 1442 1165 Z.

214 1184 494 1240 Mancipium-
535 1195 795 1240 mancipiorum
818 1196 1062 1244 negotiatores
1089 1198 1123 1241 5,
1149 1199 1207 1240 12,
1233 1200 1289 1234 17.

213 1241 480 1284 Mandatum·
528 1254 686 1287 mandati
711 1254 804 1288 actio
830 1255 865 1298 7,
890 1253 927 1298 4,
963 1254 1023 1293 35.
1071 1255 1115 1288 ad
1152 1265 1258 1299 quem
1292 1229 1458 1289 mandata
1491 1229 1728 1300 acceperant}

258 1302 295 1379 ἓ,
323 1303 381 1380 250.
428 1300 593 1334 mandata
616 1301 775 1345 perferet
800 1304 857 1345 12,
882 1303 918 1346 3,
943 1303 978 1336 2.
1028 1302 1126 1346 quod
1150 1301 1243 1336 nihil
1275 1312 1325 1336 ex
1359 1301 1534 1336 mandatis
1571 1302 1710 1337 faceret

292 1371 302 1388 2
361 1369 372 1380 ⁸
1345 1387 1346 1390 ,

212 1390 406 1442 Mando,
442 1414 532 1438 are.
581 1404 799 1448 I)propr1'e.·
837 1416 920 1439 cum
945 1407 1155 1439 mandamus
1182 1404 1243 1449 (ἱη
1268 1404 1428 1447 agendo)
1464 1406 1499 1448 3,
1532 1402 1581 1447 4,'
1597 1403 1631 1439 3.
1667 1398 1719 1452 nia

261 1449 369 1483 dandi
395 1449 498 1491 (pars
523 1462 582 1493 ap.
608 1450 854 1494 Protagoram)
889 1452 933 1484 ib.
964 1454 1019 1485 10.
1047 1451 1193 1485 omnino
1220 1451 1325 1484 aliter
1359 1461 1486 1495 agere,
1530 1461 1635 1494 quam
1665 1462 1718 1490 ma

258 1497 378 1529 datum
402 1495 448 1529 sit
470 1495 540 1539 (sc.
566 1498 751 1539 legato)
774 1500 809 1540 7,
835 1495 870 1540 4,
895 1497 958 1539 363
994 1497 1165 1530 funebres
1198 1496 1421 1530 laudationes
1454 1507 1503 1530 ex
1534 1493 1717 1538 senatusc'c

257 1543 352 1577 sulto
376 1541 638 1589 magistratibus
662 1554 770 1588 saepe
793 1543 1006 1577 mandantur
1035 1545 1069 1585 3,
1094 1546 1130 1585 7,
1153 1545 1187 1576 2.
1212 1541 1339 1586 quibus
1359 1541 1572 1586 inquirenda
1591 1542 1716 1588 quaedi

256 1589 447 1623 mandabat
471 1590 528 1631 10,
555 1591 589 1630 1,
617 1590 696 1624 128.
740 1588 990 1623 mandantibus
1015 1587 1124 1623 sociis
1156 1589 1310 1623 Verrem
1342 1589 1531 1622 accusabat
1567 1592 1603 1632 7,
1637 1589 1674 1632 4,
1706 1593 1715 1623 .’·

254 1635 417 1670 mandari
443 1644 519 1668 non
542 1641 693 1678 possunt
727 1636 875 1669 affectus
906 1635 941 1678 4,
989 1637 1022 1678 1,
1054 1634 1111 1670 47.
1161 1633 1209 1677 11)
1239 1638 1382 1668 transl..·
1420 1635 1635 1678 particulas,

256 1681 350 1716 ceris
380 1682 589 1714 mandamns
616 1684 672 1725 10,
698 1683 734 1726 3,
764 1684 821 1717 30.
869 1683 972 1716 locos
1006 1680 1160 1726 scriptos
1189 1680 1460 1727 memoriaeque
1493 1680 1714 1728 diligentissu

255 1729 443 1762 mandatos
466 1726 524 1771 24,
552 1730 610 1762 27.

207 1772 398 1825 Blando,
434 1796 525 1820 ere.
574 1785 674 1821 cibos
698 1783 843 1819 mansos
869 1785 926 1829 10,
955 1787 989 1829 1,
1019 1786 1075 1821 19.

207 1831 384 1874 :Marmo-
433 1842 467 1886 Ι)
493 1846 643 1876 intrans.-
681 1843 835 1877 audaces
862 1841 1058 1876 sententias
1082 1841 1330 1886 deprehendes
1366 1839 1474 1875 etiam
1503 1839 1548 1874 in
1578 1837 1643 1882 iis,
1672 1851 1709 1884 qt

254 1895 400 1925 manent
425 1892 482 1932 10,
508 1893 543 1933 1,
570 1888 648 1924 104.
695 1890 767 1923 hoc
790 1889 906 1922 solum
930 1898 1021 1933 opus
1045 1889 1122 1933 ejus
1147 1893 1267 1922 manet
1289 1889 1325 1930 3,
1350 1890 1385 1930 1,
1408 1888 1464 1922 19.
1500 1885 1659 1930 quinque
1680 1897 1710 1920 11

252 1937 302 1971 lia
338 1942 546 1970 manserunt
583 1939 627 1978 7,
661 1937 705 1979 6,
739 1939 794 1969 11.
843 1934 874 1969 si
911 1941 1065 1969 manet
1098 1935 1199 1977 ead.‚
1227 1944 1324 1978 quae
1353 1933 1469 1976 fuit,
1510 1931 1708 1976 incipienti!

253 1982 444 2017 difficultas
470 1985 526 2024 10,
552 1981 588 2024 7,
613 1980 648 2015 4.
697 1992 766 2016 nec
788 1986 942 2015 manet
966 1992 1109 2026 semper
1135 1979 1329 2020 memoria,
1369 1980 1436 2013 sed
1467 1977 1658 2022 aliquando
1691 1989 1707 2012 1

253 2029 324 2063 dit
354 2031 408 2072 11,
434 2031 469 2071 2,
495 2032 530 2063 7.
556 2028 586 2061 si
611 2027 698 2072 quid
720 2027 765 2061 in
790 2027 894 2062 nobis
918 2027 1033 2062 virilis
1057 2027 1199 2067 roboris
1222 2026 1391 2060 manebat
1414 2027 1447 2066 1,
1485 2026 1542 2066 10,
1574 2025 1630 2057 31.
1675 2035 1707 2058 m

251 2081 338 2110 net
360 2075 408 2108 in
435 2075 544 2108 rebus
573 2079 708 2108 temere
738 2072 941 2121 congestis,
977 2085 1068 2118 quae
1103 2073 1219 2115 fuit,
1256 2071 1384 2106 levitas
1422 2071 1489 2113 10,
1522 2070 1567 2111 3,
1599 2070 1656 2103 17.

251 2120 454 2167 praeceptis
482 2125 647 2155 veterum
670 2126 812 2164 manet,
845 2131 892 2154 110
917 2121 1014 2163 quod
1038 2120 1199 2153 insolens
1226 2118 1378 2152 verbum
1416 2123 1478 2149 ew.
1514 2115 1728 2158 deprehen·⁴

250 2175 312 2203 tur
338 2168 376 2210 4,
406 2170 439 2211 1,
465 2167 510 2202 58
535 2170 577 2200 Z.
625 2168 920 2200 11tchor0nae
953 2174 1015 2199 etc.
1050 2166 1167 2199 adhuc
1206 2162 1482 2207 quibusdam
1510 2160 1698 2206 insci-ip

254 2214 427 2249 onibus
452 2217 620 2246 maneant
645 2215 678 2256 1,
704 2213 737 2254 5,
763 2215 828 2254 203
862 2218 1034 2247 manente
1056 2213 1208 2245 honesta
1230 2210 1419 2243 voluntate
1451 2209 1508 2250 12,
1542 2209 1578 2250 1,
1601 2207 1658 2260 45.
1681 2218 1703 2241 n
1724 2244 1728 2247 ,

251 2266 361 2295 nente
396 2259 555 2306 generali
588 2259 649 2292 illa
684 2258 856 2292 societate
885 2260 932 2302 9,
967 2261 1009 2300 1,
1047 2260 1080 2292 3.
1126 2253 1413 2300 posteritati
1443 2259 1701 2298 mansuris-t

249 2318 340 2341 mox
363 2305 478 2339 literis
502 2308 559 2347 12,
586 2307 642 2346 10,
667 2305 725 2339 49.
775 2305 820 2347 11)
846 2312 952 2340 trans.
986 2307 1010 2336 i.
1045 2316 1078 2348 q.
1112 2304 1328 2345 expecto.-
1378 2310 1468 2344 quae
1501 2305 1648 2334 manent
1682 2310 1701 2333 e

251 2354 382 2398 quide
406 2351 446 2387 vi
472 2357 508 2385 et
543 2350 674 2395 injuria
706 2351 825 2395 questi
858 2356 941 2385 sunt
978 2350 1022 2394 6,
1059 2352 1102 2392 1,
1138 2349 1195 2383 19.
1245 2357 1337 2390 quae
1376 2346 1579 2379 damnatum
1613 2355 1728 2381 mane

249 2403 292 2434 ib.
322 2401 380 2433 23.

203 2444 374 2486 Manes·
421 2455 502 2499 juro
525 2464 591 2497 per
613 2453 696 2487 illos
724 2454 870 2496 manes,
903 2451 1052 2486 numina
1074 2449 1147 2484 mei
1172 2447 1308 2483 doloris
1330 2448 1366 2491 6,
1391 2448 1451 2482 Ρ1·.
1476 2449 1521 2482 10
1546 2447 1595 2483 Ν.

203 2500 381 2556 Mango.
440 2520 658 2556 mangonum
692 2509 943 2553 (artificium),
980 2507 1041 2553 qui
1080 2508 1242 2542 colorem
1283 2507 1371 2541 fuco
1418 2511 1455 2540 et
1485 2516 1614 2541 verum
1643 2504 1696 2541 1·οἸ

249 2559 347 2592 inani
372 2557 494 2604 sagina
517 2555 735 2590 mentiantur
761 2559 795 2597 2,
820 2558 877 2598 15,
901 2556 958 2590 25.

205 2614 491 2674 [Blanifest0‚
528 2635 626 2659 are.
675 2635 756 2658 cum
793 2629 899 2671 auget
933 2628 993 2656 ant
1024 2621 1230 2656 manifestat
1264 2619 1475 2656 sententiam
1518 2617 1605 2664 (sic.
1639 2621 1694 2652 Ar

251 2675 295 2712 13
328 2673 386 2703 sed
411 2674 530 2704 ceteri:
558 2680 639 2718 aug.
661 2670 885 2704 manifestam
909 2670 968 2713 s.)
990 2669 1026 2711 9,
1051 2670 1085 2711 3,
1115 2667 1162 2702 46
1187 2666 1248 2712 8.]
1612 2668 1618 2674 “
1698 2703 1700 2706 ,

202 2715 454 2760 Manifesto.
501 2729 615 2761 Λᾶν...
651 2739 700 2761 m.
722 2727 823 2762 falsis
847 2730 884 2771 7,
909 2729 945 2770 2,
972 2724 1030 2760 34.
1077 2725 1185 2769 plane
1208 2734 1256 2762 m.
1282 2726 1451 2768 appareat
1480 2722 1537 2765 10,
1565 2722 1599 2763 1,
1623 2719 1681 2766 53.

249 2775 356 2807 docet
385 2775 441 2813 12,
467 2774 524 2815 10,
546 2771 614 2815 24;
649 2773 873 2808 manifestius
903 2776 1073 2818 appareat
1095 2771 1131 2814 6,
1156 2770 1190 2812 5,
1215 2770 1251 2805 6.

204 2817 479 2863 Manifestus·
526 2826 569 2870 a)
593 2831 691 2873 quod
719 2830 931 2865 manifestae
958 2828 1160 2864 calumniae
1185 2831 1241 2861 est
1263 2826 1297 2868 1,
1319 2826 1354 2867 5,
1377 2825 1435 2859 35.
1480 2834 1632 2876 guarum
1654 2826 1692 2859 ut

250 2886 323 2922 qus
345 2886 394 2910 m.
417 2872 598 2910 cavillatio
625 2881 680 2912 est
706 2877 742 2920 9,
765 2879 799 2922 1,
828 2877 886 2914 15.
932 2886 1064 2921 corpus
1086 2873 1171 2912 visu
1200 2877 1368 2916 tactuque
1394 2870 1634 2917 mamtjestum,
1659 2870 1691 2913 1,
