1794 2976
183 179 266 218 914
722 171 921 229 Turpiter
944 197 1006 244 Λ-
1036 171 1173 215 Tutus

224 289 408 333 consequi,
433 287 527 333 quod
552 284 699 320 imiteris
725 288 782 329 10,
806 289 841 329 2,
866 290 899 322 7.
929 293 1062 331 turpe
1089 288 1194 322 ducet
1217 288 1345 322 cedere
1368 286 1458 332 pari,
1481 287 1711 333 pulchrum

226 346 410 380 superasse
434 334 604 377 majorem
633 335 650 366 1
667 358 677 373 ,
701 334 745 375 2,
765 335 822 367 22.
850 338 876 367 t.
905 333 1055 376 ducunt,
1087 336 1162 367 ullo
1186 335 1269 368 loco
1293 333 1468 377 respirare
1490 332 1542 376 (in
1565 331 1649 375 dic.)
1675 334 1711 375 8,

226 385 260 425 5,
290 382 345 415 14.
380 393 413 414 v.
438 380 603 420 Nefas,
641 384 717 412 tum
742 385 887 424 paterna
914 390 1151 423 emancupare
1181 381 1276 414 bona
1299 380 1435 424 turpius
1458 378 1595 418 habeba
1675 378 1710 420 6,
1770 382 1772 387 ’

227 431 267 470 3,
291 426 337 461 44
359 431 401 461 Z.
439 439 471 458 v.
500 426 779 468 Emancupo.
810 437 892 458 nam
917 425 1001 469 quid
1026 426 1071 459 sit
1096 426 1258 470 turpius,
1295 438 1398 471 quam
1423 426 1458 460 id
1483 431 1562 459 'esse
1582 434 1605 457 o
1648 435 1713 458 cu-

228 486 325 515 rum,
357 474 452 517 quod
482 471 520 504 in
543 482 624 505 eum
650 473 764 505 solum
790 471 976 506 adhibetur
1001 483 1124 516 usum,
1154 483 1200 507 ne
1224 472 1294 506 sint
1319 478 1437 507 cetera
1464 459 1642 506 obscura?
1677 468 1712 511 4,

229 523 272 562 5,
307 519 363 553 26.
407 518 437 551 si
471 517 591 551 dicere
624 516 801 551 contraria
839 524 943 562 turpe
979 519 1154 552 advocato
1188 519 1392 561 videretur,
1435 523 1533 551 certe
1577 515 1714 560 turpius

227 566 452 606 habendum,
478 565 620 606 facere,
646 565 740 608 quod
765 569 894 598 noceat
918 566 964 606 5,
987 565 1028 606 6,
1054 565 1088 600 6.
1113 564 1371 610 [turpissimum
1395 574 1484 602 vero
1509 563 1577 605 (Z.
1601 561 1715 606 pessi-

229 610 341 654 mum)
368 610 413 653 4,
443 612 486 653 5,
510 609 581 654 28.]
608 611 795 655 pleraque,
823 622 914 654 quae
938 617 1062 644 natura
1085 622 1173 645 non
1205 617 1287 644 sunt
1309 608 1715 655 reprehendenda,

233 663 303 702 atq,
326 656 467 691 interim
492 662 573 690 sunt
601 656 822 698 necessaria,
851 656 957 699 alibi,
983 668 1088 701 quam
1115 668 1192 691 mos
1216 656 1436 702 permiserit,
1467 653 1631 698 turpia
1655 655 1717 687 ha-

230 705 380 737 beantur
406 706 469 746 11,
498 705 539 745 1,
564 702 621 737 47.
656 715 688 736 v.
714 704 976 736 HonestuS.
1039 703 1084 744 b)
1113 718 1140 737 c.
1168 705 1274 738 Subst.
1291 718 1301 736 .·
1343 703 1373 737 si
1407 701 1519 745 turpis
1552 700 1717 734 dominae

231 750 451 784 consuetudo
480 760 560 782 cum
584 759 710 792 servo,
734 749 846 792 turpis
870 749 1005 783 domini
1030 761 1110 783 cum
1134 750 1259 783 ancilla
1284 749 1327 792 5,
1354 751 1392 782 11
1409 775 1419 792 ,
1445 747 1501 782 34.
1518 742 1718 799 tegemus

229 797 362 840 (tropus
387 808 444 838 ap.
474 794 616 837 Virg.)
642 797 686 838 8,
716 796 756 838 6,
784 794 840 828 41.
867 801 891 829 t.
916 796 1012 829 facta
1039 800 1072 838 1,
1103 799 1136 838 2,
1162 799 1195 830 2.
1219 798 1246 829 t.
1270 805 1382 840 genus
1407 803 1592 828 causarum
1617 791 1652 834 4,
1682 793 1716 834 1,

229 842 283 875 40.
316 841 372 875 41.
402 852 504 885 quam
530 846 555 874 t.
581 847 675 875 esset
701 841 866 875 fortunae
894 840 1080 876 insectatio
1106 845 1167 885 11,
1195 844 1235 885 1,
1260 842 1317 876 86.
1350 846 1375 874 t.
1399 838 1592 875 satisfactio
1615 838 1659 880 6,
1685 839 1718 878 3.

231 888 276 922 34
293 889 336 921 N.
370 887 535 931 turpis
566 889 732 932 voluptas
757 893 791 922 et
816 888 1075 922 inhumana
1099 891 1161 931 12,
1188 889 1234 932 9,
1264 890 1318 922 10.
1354 888 1452 921 nulla
1479 895 1561 922 vox
1591 889 1718 918 namra

232 933 344 978 turpis
366 935 401 976 8,
430 935 463 976 3,
489 934 544 968 39.
680 937 683 941 ’
1548 936 1552 945 “

188 979 402 1034 Turpllel'·
447 991 575 1034 quaed.
609 990 713 1024 etiam
739 995 763 1023 t.
795 995 1053 1026 convertuntur
1076 989 1119 1033 4,
1147 994 1186 1033 2,
1211 991 1267 1026 87.
1292 1001 1397 1035 quam
1423 995 1451 1023 t.
1477 990 1616 1023 deserat
1641 997 1718 1021 eam

230 1043 365 1082 partem
389 1039 431 1078 2,
457 1041 499 1079 1,
527 1039 560 1072 9.
594 1038 690 1080 quod
726 1042 785 1069 aut
816 1043 930 1080 turp.
966 1043 1026 1070 aut
1050 1037 1348 1081 impotenter
1371 1035 1498 1070 dicitur
1521 1036 1565 1078 6,
1591 1036 1634 1075 3,
1658 1035 1718 1067 83.

231 1084 353 1116 facere
380 1084 514 1127 probus
541 1083 749 1116 adolescens
773 1082 1055 1126 periculose
1089 1095 1193 1128 quam
1225 1083 1364 1128 perpeti
1395 1088 1514 1126 turp.
1536 1078 1660 1114 maluit
1681 1080 1717 1121 8,

234 1131 267 1172 5,
293 1133 349 1171 11,
374 1135 399 1162 t.
425 1128 519 1164 vixit
543 1130 577 1171 5,
605 1131 659 1171 10,
685 1127 730 1163 48
765 1141 797 1164 v.
821 1130 1046 1163 Honeste.

188 1173 439 1229 TurpitudO.
475 1185 615 1229 (testium
641 1193 735 1219 extra
761 1199 897 1219 causam
925 1188 1073 1229 prodest)
1099 1186 1138 1225 5,
1164 1189 1205 1228 7„
1229 1187 1287 1220 30.
1310 1190 1335 1219 t.
1362 1183 1501 1231 generis
1525 1185 1565 1226 3,
1590 1185 1635 1225 7,
1660 1181 1716 1215 19·

231 1233 352 1265 odium
375 1232 553 1274 turpitudo
574 1231 660 1264 facit
679 1232 713 1274 6,
741 1235 773 1275 1,
799 1231 854 1266 14.
882 1233 1062 1275 credibilis
1090 1232 1157 1265 erit
1180 1231 1322 1276 propria
1345 1232 1471 1275 quaed.
1497 1229 1535 1263 in
1557 1228 1618 1262 illa
1643 1238 1720 1260 me-
1776 1233 1794 1269 ,μ’

231 1277 361 1310 retrice
390 1284 503 1320 turp.,
533 1289 637 1321 quam
665 1289 759 1310 nunc
785 1278 844 1311 hic
867 1284 967 1321 pater
993 1280 1088 1311 ferre
1116 1288 1189 1311 non
1213 1277 1324 1321 possit
1348 1276 1413 1319 11,
1442 1280 1483 1318 1,
1510 1275 1566 1309 83.
1591 1284 1718 1307 caren-

233 1325 316 1356 dum
342 1329 415 1356 erat
438 1334 513 1356 non
536 1324 651 1356 solum
676 1323 822 1357 crimine
853 1324 1079 1367 turpitudinis
1103 1335 1228 1357 verum
1253 1323 1358 1356 etiam
1387 1320 1590 1366 suspicione
1613 1322 1657 1361 2,
1683 1322 1718 1362 2,

235 1368 290 1402 14.
317 1380 366 1402 ex
389 1368 528 1410 verbis,
561 1380 650 1412 quae
678 1369 885 1414 longissime
910 1370 953 1402 ab
978 1369 1197 1403 obscenitate
1222 1370 1370 1411 absunt,
1394 1366 1617 1402 occasionem
1645 1371 1721 1399 tur—-

234 1414 402 1459 pitudinis
424 1426 551 1458 rapere
576 1415 611 1457 8,
638 1416 673 1457 3,
699 1414 757 1449 47.

190 1457 363 1500 TUSS⁸l0·
403 1471 530 1504 tussire
561 1472 686 1505 crebro
713 1474 768 1514 11,
796 1473 829 1514 5,
854 1472 910 1505 56.

189 1525 358 1568 Tutela·
399 1539 531 1572 tutelae
556 1538 823 1573 controversiae
850 1538 888 1574 in
913 1538 1117 1582 qualitatem
1140 1539 1274 1572 cadunt-
1293 1540 1329 1580 7,
1351 1536 1387 1579 4,
1416 1537 1474 1572 35.
1507 1535 1626 1570 omnia
1646 1546 1721 1569 cu-
1776 1531 1781 1539 “

234 1595 310 1618 rae
334 1586 597 1628 tutelaeque
622 1585 727 1618 unius
752 1584 874 1618 innixa
897 1584 931 1627 6,
961 1587 994 1627 1,
1019 1587 1075 1619 35.
1099 1584 1139 1618 in
1162 1585 1308 1618 tutelam
1330 1582 1386 1616 sui
1409 1585 1450 1626 3,
1472 1585 1515 1624 2,
1539 1585 1572 1616 2.
1601 1581 1641 1616 in
1662 1587 1720 1614 tu-
1779 1583 1781 1585 ’

233 1632 341 1664 telam
369 1631 527 1663 cinerum
551 1634 585 1673 7,
613 1635 653 1673 9,
679 1634 711 1666 5.
746 1630 777 1664 si
800 1636 984 1674 postumus
1009 1636 1090 1664 ante
1113 1632 1245 1665 tutelae
1269 1628 1354 1673 (Sp.
1385 1629 1456 1673 adj.
1483 1625 1582 1670 suae)
1607 1637 1721 1662 annos

234 1676 276 1720 (i.
302 1689 331 1713 e.
357 1676 591 1719 perfectos
618 1677 677 1719 Z.)
701 1676 913 1711 decessisset
937 1679 972 1719 7,
999 1678 1035 1718 6,
1062 1679 1106 1711 10
1133 1677 1178 1711 N.
1205 1683 1236 1709 et
1260 1676 1298 1709 ὁ.

189 1720 318 1763 Tuto·
351 1734 390 1776 1)
417 1736 539 1768 Posit..·
569 1732 629 1778 qui
651 1739 677 1767 t.
707 1735 936 1768 confessurus
960 1734 1028 1767 fuit
1049 1732 1093 1776 4,
1118 1735 1161 1776 5,
1187 1736 1242 1767 17.
1266 1731 1428 1776 nihilque
1450 1741 1525 1765 non
1547 1735 1625 1765 tuto
1648 1728 1720 1763 dici

232 1784 350 1823 potest
377 1777 469 1823 (Sp.
496 1791 587 1824 quae
615 1790 689 1813 non
716 1785 740 1813 t.
770 1780 840 1814 dici
864 1779 1036 1824 possunt)
1063 1781 1106 1819 8,
1131 1782 1175 1822 3,
1199 1781 1244 1813 37
1262 1782 1304 1813 Ζ.
1327 1776 1543 1814 mentiantur
1562 1774 1590 1813 ἱ.
1615 1777 1658 1820 ’1,
1681 1777 1718 1819 8,

232 1828 290 1859 21.
317 1830 340 1859 t.
367 1826 524 1868 pandere
548 1827 630 1860 vela
654 1827 697 1868 6,
726 1830 762 1868 1,
792 1827 847 1861 52.
894 1827 944 1868 11)
975 1829 1154 1868 Compar..·
1185 1825 1294 1858 tutius
1321 1823 1395 1859 Cic.
1419 1823 1527 1866 facit,
1551 1827 1632 1857 oum
1655 1829 1718 1872 εἰς.

233 1872 268 1913 5,
294 1874 350 1914 10,
373 1872 430 1905 68.
459 1877 482 1905 t.
509 1873 604 1905 circa
627 1871 764 1916 priores
791 1873 853 1907 vel
877 1878 1016 1906 erratur
1038 1875 1072 1914 2,
1097 1872 1130 1914 5,
1156 1872 1212 1906 26.
1247 1871 1290 1904 ad
1315 1871 1440 1914 quaed.
1463 1870 1528 1912 ‘vel
1543 1869 1718 1903 ‹decen-

232 1915 331 1951 tius
363 1916 551 1952 indicanda
584 1919 645 1952 vel
676 1924 763 1951 tut.
791 1919 832 1961 9,
860 1921 904 1961 1,
928 1921 984 1952 21.
1022 1923 1106 1951 tut.
1136 1928 1179 1951 ac
1205 1916 1404 1951 facilius
1429 1915 1467 1949 id
1492 1921 1662 1950 tractatur
1683 1915 1717 1956 5,

233 1965 268 2005 5,
298 1965 330 1997 1.
361 1963 498 1997 usitatis
521 1970 545 1998 t.
570 1964 703 1998 utimur
730 1967 761 2007 1,
786 1964 829 2007 5,-
845 1967 900 1999 71.
1391 1990 1397 1993 <

189 2005 339 2048 Tutor·
386 2021 575 2054 tutoris
610 2022 690 2056 adv.
715 2021 911 2065 pupillu
924 2012 966 2054 m⁴
985 2018 1184 2054 moderatio
1209 2020 1252 2062 6,
1276 2020 1320 2062 2,
1345 2016 1401 2053 14.
1434 2017 1464 2052 si
1485 2017 1594 2052 fidem
1615 1999 1718 2052 debet

231 2070 361 2099 tutor
382 2071 420 2100 et
442 2072 737 2110 procurator
761 2068 795 2107 5,
821 2070 878 2107 10,
899 2069 957 2109 73.
994 2079 1027 2104 v.
1058 2066 1309 2100 Defensor.

190 2107 376 2152 Tutus·
416 2122 456 2166 Ι)
481 2126 603 2158 Posit..·
631 2125 732 2160 velut
749 2125 900 2158 decretis
924 2123 1170 2158 technicorum
1191 2128 1288 2156 tutus
1315 2124 1350 2165 2,
1377 2122 1432 2166 13,
1457 2119 1514 2155 15.
1540 2118 1571 2158 si
1598 2119 1717 2154 dicere

232 2169 347 2211 palam
376 2180 500 2213 parum
523 2175 637 2203 tutum
665 2176 718 2204 est
744 2171 778 2209 9,
804 2173 839 2212 2,
863 2171 920 2205 66.
957 2169 1002 2211 cf.
1031 2171 1066 2212 8,
1095 2171 1128 2211 3,
1156 2167 1214 2203 47.
1243 2178 1335 2213 quos
1361 2165 1498 2212 (sensus)
1522 2163 1717 2210 nequejn-

232 2224 352 2248 serere
377 2221 537 2259 oportet,
562 2227 679 2260 neque
704 2215 845 2250 differre
868 2222 982 2250 tutum
1009 2221 1063 2250 est
1087 2218 1150 2259 10,
1178 2216 1220 2257 3,
1248 2215 1305 2249 33.
1334 2225 1415 2248 cum
1438 2222 1557 2247 mores
1578 2211 1624 2246 in*
1639 2215 1715 2255 tuto

230 2259 364 2293 fuerint
389 2264 421 2303 1,
446 2263 481 2304 8,
505 2263 537 2296 5.
563 2273 643 2295 cum
665 2264 735 2304 jam
759 2263 887 2296 famam
909 2262 948 2296 in
969 2267 1045 2296 tuto
1069 2259 1254 2295 collocarit
1277 2262 1342 2303 12,
1367 2262 1423 2302 11,
1439 2261 1510 2301 .17;
1546 2263 1588 2292 ut
1612 2266 1717 2293 cama

229 2304 307 2348 jure
335 2312 408 2340 tuta
435 2307 478 2341 sit
501 2306 546 2349 4,
575 2308 618 2350 5,
645 2310 700 2343 19.
727 2309 912 2344 vetustatis
938 2309 1008 2341 fide
1034 2313 1109 2341 tuta
1136 2312 1218 2340 sunt
1243 2307 1430 2349 (exempla)
1457 2307 1522 2347 12,
1545 2302 1636 2347 452·
1661 2302 1716 2335 ffi-

232 2356 325 2384 ctum
346 2359 446 2386 —ut
469 2353 514 2386 sit
540 2359 653 2386 tutum
680 2353 725 2397 (i.
753 2367 781 2387 e.
804 2357 1024 2397 periculo
1049 2352 1282 2395 liberum),
1308 2350 1483 2386 obtinebit
1504 2349 1547 2390 4,
1568 2352 1612 2392 25
1637 2349 1714 2386 100.

231 2395 282 2439 Π)
306 2399 478 2441 Compar..·
506 2400 646 2441 Tutius,
674 2401 704 2433 si
724 2400 840 2433 noluit
858 2398 1037 2443 (occidere)
1057 2402 1092 2442 7,
1116 2402 1149 2441 1,
1168 2399 1224 2433 36.
1243 2399 1352 2442 idque
1368 2398 1404 2441 (ἰ.
1420 2410 1448 2430 e.
1467 2391 1714 2443 praecogitare)

229 2447 283 2475 est
307 2443 414 2478 tutius
438 2445 519 2478 stilo
545 2449 608 2488 12,
633 2446 676 2488 9,
700 2447 757 2479 20.
785 2445 830 2486 cf.
859 2449 914 2488 11,
941 2448 984 2488 2,
1007 2446 1075 2487 483
1111 2446 1173 2479 vel
1199 2443 1340 2478 tutioris
1370 2442 1557 2476 audentiae
1580 2445 1634 2475 est
1656 2441 1712 2482 12,

228 2488 290 2522 Pr.
310 2488 346 2523 4.
374 2490 483 2524 tutior
512 2492 556 2524 de
585 2492 656 2524 hoc
689 2491 887 2525 disserendi
918 2491 1073 2526 brevitas
1099 2493 1165 2533 12,
1194 2492 1257 2532 10,
1284 2490 1340 2524 15.
1375 2495 1415 2522 ut
1445 2486 1612 2534 cogitatio
1628 2494 1712 2518 -nou

226 2533 348 2577 utique
373 2536 543 2570 melior
565 2536 611 2570 sit
637 2548 678 2570 ea
698 2539 760 2571 sed
784 2537 942 2571 tutior
973 2539 1027 2580 10,
1051 2540 1086 2578 7,
1113 2538 1168 2572 19.
1193 2547 1261 2570 nec
1285 2541 1310 2570 t.
1337 2535 1431 2569 inter
1452 2529 1712 2568 servos'maloe

227 2590 330 2630 quam
357 2580 531 2628 ingenuos
554 2594 680 2627 parum
701 2584 883 2618 modestos
912 2582 1138 2618 conversatio
1165 2587 1220 2616 est
1241 2584 1275 2624 1,
1294 2585 1329 2624 2,
1349 2580 1383 2615 4.
1400 2621 1402 2624 y
1430 2577 1507 2628 ΙΙΙ),
1520 2579 1686 2621 Superzat.
1699 2589 1709 2609 .-

227 2625 336 2677 nobts.
355 2628 565 2662 tutissimum
591 2634 664 2671 est,
696 2635 858 2663 auctores
887 2629 1058 2673 plurimos
1085 2628 1187 2672 sequi
1214 2629 1257 2670 3,
1285 2626 1327 2669 4,
1354 2629 1409 2660 11.
1440 2623 1484 2676 cf.
1509 2625 1554 2675 3,
1578 2622 1621 2664 6,
1652 2622 1710 2657 63.

227 2674 396 2706 tnussima
419 2675 496 2708 sere
524 2686 588 2717 per
612 2674 769 2709 medium
791 2675 851 2710 via
880 2679 934 2718 12,
961 2677 1016 2717 10,
1041 2677 1098 2708 80.
1125 2673 1338 2708 tutissimum
1360 2673 1599 2715 poenitentiae
1623 2677 1711 2702 con-

225 2715 343 2797 2⁶³3ng
368 2724 402 2752 et
439 2720 633 2755 satisfactio
667 2722 789 2765 culpae
817 2724 881 2764 11,
916 2724 956 2763 1,
981 2723 1038 2755 76.
1069 2719 1138 2753 fuit
1169 2718 1325 2754 brevitas
1356 2717 1418 2751 illa
1446 2712 1619 2748 tutissima
1654 2714 1709 2755 to,

262 2787 272 2803 ,
299 2785 305 2794 .
348 2788 355 2795 .
