1728 3002
144 178 195 216 18
856 170 939 217 ,Ad

188 288 326 322 nrcrssas
353 287 478 323 cedent
502 287 560 330 12,
587 286 622 330 8,
644 283 682 320 ⁴.
727 282 768 328 b)
794 287 908 318 transl.
939 290 1010 318 nec
1042 283 1100 318 ad
1124 281 1360 319 rntnnflsstm
1390 288 1547 332 noque
1579 295 1670 335 geo-

185 333 334 368 metriae
365 344 476 379 opera
509 332 700 367 descendat
734 335 773 374 1,
814 332 879 373 12,
915 329 961 364 14
990 332 1035 364 Ζ.
1067 329 1112 364 ad
1145 330 1216 364 alia
1248 329 1421 376 deinceps
1440 342 1475 375 ,a
1539 343 1561 367 e
1598 334 1669 371 alia

186 381 377 414 devertunt
399 383 434 423 2,
463 382 519 423 11,
546 379 581 413 6.
619 378 673 414 ad
699 378 979 421 prosopopoeias
1010 386 1166 420 usque
1193 386 1236 410 no
1269 377 1354 421 (Sp.
1381 381 1418 412 et
1439 379 1485 413 ad
1541 389 1668 415 suasc-

184 425 256 459 rias
287 422 487 470 irrumpunt
521 427 555 467 2,
591 425 625 466 1,
659 424 693 457 2.
726 422 913 467 partiendo
945 421 990 456 ad
1017 423 1108 456 haec
1140 421 1307 467 pervenit
1339 424 1376 467 3,
1399 423 1437 467 6,
1462 421 1511 460 49
1538 428 1586 460 Ζ.
1622 426 1669 460 a'd

185 482 357 505 summam
382 466 564 516 perveniri
595 470 653 504 Pr.
681 467 716 504 6.
771 469 843 503 Sed
866 469 910 502 ad
935 468 1159 513 propositum
1180 469 1216 512 8,
1243 470 1280 513 3,
1308 469 1374 512 15;
1449 469 1496 504 ad
1519 469 1668 519 digitum
1720 471 1724 477 ⁸

185 517 344 564 pugnavi
373 519 439 560 (de
465 515 673 560 gladiatore)
706 515 742 558 8,
776 515 810 558 5,
839 515 886 548 20
908 516 956 548 N.
1014 514 1055 560 β)
1082 516 1124 548 de
1155 520 1324 559 1empore:
1362 513 1466 568 miles
1496 517 1543 550 ad
1567 525 1668 559 com-

185 569 322 597 meatus
354 563 448 598 diem
472 573 546 597 non
571 561 670 596 affuit
691 563 725 603 7,
754 557 790 603 4,
818 558 873 594 14.
907 559 939 594 si
966 559 1010 595 ad
1035 561 1163 594 horam
1186 561 1284 596 forte
1313 561 1516 596 constiterit
1541 561 1668 607 (litiga-

185 610 253 652 tor)
287 610 343 652 12,
371 611 405 652 3,
436 610 469 644 5.
504 619 579 642 non
611 607 665 642 ad
687 616 857 651 praesens
879 607 987 641 modo
1017 610 1180 651 tempus,
1214 607 1279 642 sed
1303 607 1411 642 etiam
1437 606 1484 642 in
1507 608 1668 644 futurum
1693 614 1698 620 '

185 657 243 698 11,
269 655 305 698 3,
333 657 388 689 31.
419 653 463 697 cs.
487 654 522 697 5,
549 652 605 697 14,
635 654 689 687 13.
765 653 813 693 ΙΙ)
831 653 938 694 finem
964 654 1111 695 indicat,
1151 664 1215 699 quo
1239 654 1320 699 quid
1345 660 1469 698 spectet
1495 661 1555 688 aut
1579 654 1669 698 refe-

183 707 291 740 ratur,
337 700 378 744 α)
406 713 434 734 ο.
459 701 563 745 Λᾶ)“..·
603 700 655 733 ad
677 698 896 732 intellectum
919 703 1025 743 atque
1052 700 1105 733 ad
1132 699 1219 743 (Sp.
1245 697 1331 745 om.)
1353 699 1588 735 imitationem
1609 702 1668 736 fa-

185 745 288 780 cilior
305 748 338 789 2,
364 748 398 789 3,
425 749 442 780 1
468 751 510 780 Ζ.
539 744 792 793 grandiloquus
818 754 926 789 saepe
951 746 995 791 ad
1017 744 1144 779 vitium
1170 748 1215 781 ib.
1237 745 1296 782 66.
1330 752 1512 791 superstes
1537 759 1670 791 parens

184 797 319 825 tantum
351 793 395 826 ad
420 803 554 837 poenas
579 791 614 834 6,
641 792 698 824 Pr.
727 793 781 825 13.
821 792 866 824 ad
901 792 1099 838 augendam
1131 792 1339 827 facultatem
1372 792 1515 828 dicendi
1541 804 1669 839 parum
1711 792 1714 797 '

183 838 345 881 locuples
369 841 424 882 10,
450 841 482 881 1,
507 839 563 871 87.
599 836 629 870 si
660 835 727 870 erit
752 837 873 870 tardus
899 837 944 870 ad
970 838 1041 872 hoc
1069 847 1211 882 quoque
1237 841 1293 882 11,
1318 840 1356 882 2,
1382 839 1430 875 29
1450 843 1520 883 Z„
1569 838 1614 886 β)
1638 850 1668 874 σ.

188 885 314 917 Verb..·
348 885 393 918 ad
423 882 653 918 concitandos
679 882 815 927 judices
845 885 1133 918 accommodatus
1162 886 1219 927 11,
1243 884 1386 928 3,,170.
1419 882 1466 920 ad
1487 885 1581 920 haec
1605 895 1669 920 ao-

184 928 438 964 commodanda
476 939 600 963 manus
635 930 679 962 ib.
718 930 797 963 110.
846 928 941 963 acuit
981 930 1026 963 ad
1067 928 1298 974 cupiditatem
1339 930 1526 965 literarum
1567 942 1670 966 amor

182 974 298 1008 laudis
322 977 377 1019 12,
403 978 437 1018 1,
463 976 497 1010 8.
532 975 596 1008 illa
621 974 666 1008 ad
695 980 859 1008 ornatum
885 975 936 1009 sic
963 975 1188 1020 (adhibentur)
1213 977 1248 1020 8,
1275 975 1313 1020 6,
1337 978 1373 1012 7.
1406 976 1506 1011 illam
1531 977 1577 1011 ad
1600 977 1674 1019 hos*
1708 1016 1711 1023 „

183 1031 267 1053 usus
294 1019 434 1055 literam
465 1021 645 1064 adjecerat
677 1022 710 1063 1,
734 1024 770 1063 7,
793 1022 851 1055 26.
891 1032 981 1065 opus
1004 1032 1080 1056 non
1105 1022 1151 1055 ad
1183 1028 1302 1056 actum
1323 1021 1419 1067 rei‚-
1436 1023 1502 1058 sed
1523 1024 1672 1059 adime-

182 1065 332 1100 moriam
363 1065 580 1111 posteritatis
606 1066 830 1109 componitur
854 1067 909 1109 10,
935 1071 969 1109 1,
993 1069 1050 1102 31.
1079 1079 1113 1101 v.
1142 1066 1394 1113 Compono.
1430 1067 1463 1103 is
1488 1068 1688 1105 etiamad*
1715 1104 1728 1116 υ

182 1113 305 1158 plagas
339 1111 521 1146 durabitur
553 1114 587 1154 1,
612 1113 646 1154 3,
672 1109 726 1144 14.
762 1117 890 1145 natura
915 1123 981 1146 nos
1015 1113 1061 1146 ad
1085 1119 1241 1147 mentem
1265 1114 1438 1158 optimam
1461 1114 1585 1162 genuit
1610 1117 1670 1161 12,

183 1160 241 1200 11,
267 1160 322 1191 12.
358 1168 449 1202 quae
479 1158 523 1191 ad
557 1158 629 1190 hoc
661 1165 752 1201 opus
785 1156 1006 1200 pertinerent
1036 1159 1094 1191 Pr.
1129 1161 1163 1192 1.
1194 1170 1229 1193 v.
1256 1160 1511 1195 Pei-tineo.
1550 1166 1671 1196 sectas
1697 1177 1723 1194 .·

183 1205 230 1237 ad
255 1203 463 1238 tenuitatem
484 1203 582 1238 vires
611 1204 681 1244 12,“
699 1204 734 1244 2,
759 1204 815 1236 13.
842 1202 945 1237 nobis
969 1214 1054 1237 usus
1082 1202 1229 1238 aliarum
1256 1215 1378 1239 rerum
1409 1207 1455 1240 ad
1482 1205 1571 1240 alias
1594 1216 1671 1241 nou

182 1250 342 1293 proderit
366 1252 422 1293 10,
447 1251 482 1291 2,
506 1249 542 1284 6.
567 1258 615 1282 ne
641 1248 686 1280 ad
714 1249 913 1292 spadonmn
938 1255 1000 1283 etc.
1028 1249 1224 1284 exilitatem
1248 1259 1328 1286 vox
1353 1256 1477 1286 nostra
1503 1257 1673 1287 tenuetur·

184 1297 242 1337 11,
266 1297 301 1338 3,
326 1297 382 1331 19.
434 1293 494 1328 Ad
523 1293 692 1340 pinguem
725 1303 852 1336 sonum
880 1305 938 1338 qu
965 1299 1002 1328 et
1027 1294 1073 1329 oi
1104 1296 1296 1331 utebantur
1318 1299 1415 1341 1,-7‚
1442 1295 1500 1331 24.
1573 1301 1612 1344 y)
1637 1301 1671 1332 in
1718 1328 1728 1345 4

183 1343 321 1384 Ellipsi:
346 1340 406 1374 Ad
431 1340 522 1374 haec
547 1339 701 1373 rusticus
726 1337 776 1382 (in
803 1339 1045 1384 respondendo)
1071 1343 1107 1384 7,
1135 1343 1168 1384 1,
1195 1343 1260 1386 533
1297 1342 1508 1387 mors-nihil
1533 1344 1580 1378 ad
1602 1354 1672 1380 nos

183 1386 218 1427 5,
248 1384 306 1430 14,
332 1389 389 1420 12.
437 1385 483 1427 cf.
511 1387 554 1419 ib.
582 1387 640 1420 23.
697 1383 795 1418 Nihil
818 1383 857 1419 id
886 1387 931 1420 ad
954 1386 1198 1430 quaestionem
1221 1388 1257 1432 6,
1282 1390 1339 1432 13,
1365 1391 1425 1429 10.Ι
1459 1401 1495 1424 υ.
1522 1389 1671 1432 Nihil.

184 1433 431 1477 exemplorum
467 1441 609 1475 quoque
638 1431 683 1465 ad
710 1431 801 1465 haec
837 1430 895 1473 (a.
921 1436 944 1466 l.
970 1431 1065 1477 hoc)
1093 1432 1252 1468 infinitus
1276 1440 1331 1469 est
1351 1445 1521 1470 numerus
1545 1435 1583 1481 5,
1611 1438 1670 1483 10,

182 1478 230 1512 92
255 1479 303 1512 Ν.
329 1485 360 1511 et
383 1479 430 1512 N.
456 1490 502 1512 cr.
550 1477 617 1511 Ad
642 1475 830 1521 aliquid
857 1476 1031 1521 (definitio
1062 1478 1272 1524 rhetoric-ak
1303 1481 1339 1524 3,
1361 1481 1405 1526 6,*
1425 1482 1483 1517 36.
1512 1483 1571 1518 37.
1610 1483 1671 1518 51.

182 1524 241 1557 90.
287 1521 524 1567 (Aristotelis)
557 1524 601 1556 ib.
624 1525 682 1557 23.
723 1522 768 1564 cf.
797 1522 886 1557 illud
921 1534 1054 1559 nomen
1098 1523 1402 1570 simpliciter
1445 1528 1671 1581 positum,

163 1569 254 1602 'hoo
283 1570 339 1602 ad
367 1568 549 1613 aliquid
574 1579 654 1602 esse
682 1569 716 1612 1,
742 1569 778 1612 6,
804 1571 848 1604 13
873 1569 921 1605 Ν.
958 1569 1087 1605 Cicero
1113 1581 1228 1618 genus
1255 1578 1292 1607 et
1317 1572 1458 1618 species
1481 1574 1550 1619 ils,
1574 1583 1671 1620 quae
1722 1579 1728 1593 ’-

184 1615 229 1647 ad
255 1614 388 1658 aliquid
415 1619 518 1658 sunt,
543 1613 684 1658 subjicit
706 1615 741 1658 5,
766 1616 822 1658 10,
849 1615 906 1651 62.

274 1660 344 1705 111)
380 1673 527 1694 normam
562 1667 654 1694 notat
685 1663 862 1694 secundum
900 1674 999 1707 quam
1044 1663 1171 1708 aliquid
1213 1665 1350 1706 agitur=
1402 1665 1448 1699 ud
1465 1663 1669 1705 *arhiffium

183 1716 309 1742 eorum
342 1706 509 1740 facienda
543 1711 624 1740 sunt
660 1708 717 1748 12,
753 1706 788 1749 9,
827 1709 882 1741 10.
917 1709 961 1741 ad
999 1706 1198 1754 (alicujus)
1234 1710 1439 1754 exemplum
1474 1711 1596 1748 dicere
1624 1722 1669 1746 ac

183 1753 306 1787 facere
332 1755 368 1795 2,
398 1755 433 1795 3,
462 1755 518 1786 11.
560 1752 591 1786 si
621 1751 664 1785 ad
700 1754 884 1796 exemplar
912 1754 1018 1797 primi
1049 1754 1131 1788 libri
1160 1756 1294 1790 bellum
1319 1756 1480 1791 Siculum
1553 1755 1556 1760 ’
1637 1757 1647 1765 “

182 1797 311 1841 psisset
339 1801 396 1841 10,
428 1800 461 1841 1,
485 1798 542 1833 89.
578 1797 683 1831 nobis
710 1799 754 1831 ad
787 1799 937 1832 aliorum
963 1799 1094 1843 judicia
1122 1802 1370 1846 componenda
1396 1806 1452 1838 est
1484 1801 1602 1838 oratio
1623 1802 1667 1849 .5,

182 1842 240 1886 14,
267 1845 325 1880 29.
353 1846 399 1878 Ν.
426 1845 470 1878 ad
492 1845 608 1890 legem
629 1843 742 1888 ipsam
764 1845 925 1879 veritatis
952 1844 1075 1891 (loqui)
1101 1849 1157 1890 12,
1183 1850 1217 1891 1,
1239 1848 1295 1884 19.
1326 1849 1372 1882 ad
1395 1848 1494 1886 huno
1518 1849 1666 1890 modum

184 1891 239 1932 10,
264 1892 298 1932 5,
325 1891 360 1923 2.
399 1890 444 1923 ad
475 1891 621 1923 modum
656 1889 789 1934 aliquid
818 1892 1035 1935 portantiiun
1068 1895 1125 1936 11,
1153 1895 1196 1937 3,
1226 1895 1306 1928 120.
1333 1905 1370 1928 υ.
1395 1894 1577 1936 Modus.
1618 1894 1666 1930 ad
1704 1902 1710 1911 ’

182 1934 359 1969 comicum
392 1946 529 1970 morem
563 1939 596 1979 1,
622 1936 658 1978 8,
685 1937 718 1969 3.
748 1948 781 1969 v.
809 1937 926 1971 Mos.
964 1939 1008 1971 ad
1043 1938 1136 1972 hanc
1173 1941 1336 1986 regulam
1374 1945 1412 1974 et
1443 1939 1664 1988 diligentiam

181 1981 294 2014 locuti
321 1987 402 2015 sunt
423 1983 459 2025 9,
483 1981 520 2025 4,
542 1980 576 2015 4.
605 1987 743 2028 gestmn
769 1982 939 2027 componi
963 1983 1007 2017 ad
1032 1983 1297 2020 similitudinem
1320 1985 1519 2021 saltationis
1545 1989 1580 2031 1,
1605 1989 1665 2032 11,

183 2027 238 2062 19.
271 2027 315 2060 ad
341 2028 450 2071 pedes
483 2028 596 2062 verba
632 2028 791 2065 dimensa
818 2035 898 2062 sunt
931 2030 967 2072 9,
991 2028 1027 2072 4,
1054 2033 1118 2074 27;
1187 2031 1277 2065 mire
1302 2030 1392 2067 facit
1418 2033 1464 2067 ad
1489 2033 1664 2077 pulhmm
1718 2068 1720 2070 ,

181 2071 355 2106 circulum
379 2075 414 2115 2,
444 2075 500 2115 12,
531 2076 575 2108 10
600 2074 648 2107 Ν.
686 2084 754 2107 nec
779 2075 1037 2110 versicolorem
1061 2076 1158 2110 illam
1183 2083 1324 2113 vestem
1344 2078 1440 2114 bene
1469 2080 1514 2113 ad
1537 2079 1665 2123 foten-
1710 2085 1713 2088 ⁴

181 2129 256 2151 sem
283 2119 467 2162 pulverem
490 2121 611 2154 faeere
639 2121 695 2162 10,
721 2122 754 2163 1,
777 2123 845 2163 33;
903 2122 1026 2156 laudes
1052 2122 1204 2157 heroum
1231 2125 1449 2158 ac'deorum
1477 2125 1523 2159 ad
1547 2123 1665 2160 citha-

181 2175 256 2196 ram
288 2166 504 2199 canebantur
537 2168 570 2209 1,
597 2167 652 2209 10,
678 2167 734 2199 10.
762 2167 806 2200 ad
832 2168 949 2211 lyram
976 2167 1112 2202 animos
1139 2169 1322 2213 excitare,
1346 2169 1534 2204 -lenire
1558 2181 1664 2205 men-

182 2214 235 2244 tes
265 2210 299 2251 9,
324 2210 359 2252 4,
389 2214 443 2244 12.
471 2224 503 2245 v.
531 2212 662 2256 Lyra.
701 2217 817 2246 motus
847 2214 1021 2257 laterum,
1060 2215 1173 2259 qualis
1200 2225 1279 2248 esse
1312 2215 1356 2248 ad
1381 2215 1663 2250 verberasolet

182 2255 240 2296 11,
273 2256 306 2297 3,
340 2257 407 2299 9ος
479 2268 568 2301 quae
602 2257 869 2304 cogitaverant,
911 2260 955 2293 ad
981 2261 1134 2297 verbum
1147 2259 1324 2294 fretulisse
1355 2261 1413 2302 10,
1438 2259 1475 2303 6,
1501 2258 1538 2295 4.
1571 2260 1662 2310 111ψί

182 2299 227 2331 ad
251 2300 400 2334 verbum
423 2313 557 2345 ponere
587 2305 643 2346 11,
670 2307 705 2347 2,
733 2307 789 2337 22.
816 2306 860 2338 ad
886 2305 989 2339 verb.
1015 2305 1167 2349 repetita
1190 2307 1234 2338 ib.
1257 2305 1314 2340 39.
1341 2304 1388 2338 ad
1409 2305 1513 2341 verb.
1542 2309 1663 2354 trans-

180 2344 290 2377 latum
319 2347 352 2385 7,
378 2345 414 2389 4,
439 2346 473 2380 4.
502 2351 535 2382 7.
571 2349 690 2383 locum
722 2350 767 2382 ad
798 2349 939 2384 literam
970 2350 1107 2394 subjeci
1132 2350 1168 2392 9,
1194 2352 1228 2392 1,
1256 2349 1313 2384 25.
1353 2361 1469 2394 paene
1497 2351 1543 2386 ad
1566 2352 1662 2388 seri-

180 2389 290 2422 bendi
323 2391 581 2427 solicitudinem
618 2395 789 2441 legendus
830 2401 884 2429 est
916 2395 1068 2439 optimus
1105 2395 1256 2439 quisque
1292 2396 1349 2439 10,
1384 2401 1417 2440 1,
1453 2399 1520 2442 2ος
1596 2400 1661 2434 hoo

180 2446 277 2467 sensu
300 2438 460 2469 interdum
485 2451 661 2480 congruere
687 2443 818 2474 videtur
844 2453 917 2475 cum
945 2443 988 2474 in
1020 2448 1052 2475 et
1076 2442 1212 2483 apud.-
1249 2441 1293 2475 ad
1320 2441 1480 2490 singulos
1506 2449 1659 2489 conatus

177 2479 280 2514 vocis
313 2479 516 2524 (supercilia
549 2485 718 2528 allevare)
743 2490 777 2528 1,
805 2489 862 2530 11,
894 2487 949 2521 10.
988 2486 1032 2520 ad
1067 2487 1223 2532 singulas
1258 2498 1372 2531 paene
1409 2488 1658 2526 distinctiones

177 2525 278 2569 qnasi
305 2528 425 2560 vultus
460 2530 645 2563 mutandus
679 2537 732 2565 est
770 2534 826 2574 11,
862 2534 896 2575 3,
935 2530 992 2567 47.
1029 2543 1063 2566 υ.
1099 2533 1244 2566 Muto.
1282 2545 1406 2568 cursus
1442 2536 1487 2568 ad
1515 2535 1659 2583 singula

175 2570 327 2615 vestigia
353 2572 480 2606 restitit
507 2576 559 2614 10,
586 2577 621 2616 7,
655 2574 710 2608 14.
763 2577 894 2611 Melius
922 2575 1034 2621 illud,
1066 2588 1148 2612 cum
1183 2577 1254 2612 sint
1284 2577 1323 2612 in
1356 2591 1522 2616 sermone
1555 2581 1669 2616 omni‘

175 2616 300 2650 brevia
324 2619 500 2659 membra,
527 2619 572 2651 ad
599 2630 713 2663 quae,
741 2621 771 2654 si
796 2633 941 2658 necesse
967 2623 1035 2666 sit,
1067 2623 1229 2668 recipere
1255 2624 1417 2668 spiritum
1441 2626 1572 2671 liceat,
1606 2628 1653 2663 ad

174 2661 265 2695 haec
291 2668 428 2709 gestum
455 2663 643 2708 disponere
676 2669 731 2709 11,
763 2668 797 2707 3,
825 2671 902 2704 110.
942 2669 987 2715 acl
1013 2678 1156 2704 omnem
1189 2670 1384 2705 clausulam
1411 2667 1654 2720 exurgunt⁷2,

175 2710 211 2748 2,
242 2709 295 2741 12.
323 2707 368 2750 es.
398 2711 452 2751 11,
478 2711 513 2752 3,
542 2711 619 2745 135.
645 2711 705 2754 qui
732 2713 977 2749 conticesmmt
1005 2715 1050 2749 ad
1076 2716 1144 2750 hos
1169 2726 1273 2750 casus
1299 2717 1335 2759 6,
1362 2720 1397 2761 1,
1422 2716 1481 2752 42.
1509 2731 1544 2753 υ.
1572 2718 1653 2755 Ca-

174 2761 267 2786 cus,
347 2751 416 2799 lv)
441 2753 509 2789 Ad
541 2755 626 2790 hoc
666 2760 688 2792 ι’.
713 2771 743 2804 q.
777 2767 1028 2802 praeterea
1059 2759 1091 2795 ἰη
1122 2764 1283 2797 1ransitu:
1321 2763 1357 2807 8,
1385 2762 1419 2808 5,
1447 2764 1505 2809 21,
1535 2760 1591 2810 11,
1615 2767 1650 2810 3,
