1728 3002
102 146 185 186 780
607 141 849 198 Repudium
871 165 928 174 -—
954 140 1144 199 Requiro

146 263 204 293 tue
234 255 500 304 vigintiviratus
537 259 600 298 12,
627 260 645 291 1
661 283 673 300 ,
699 256 755 294 16.
790 256 942 292 totidem
973 257 1105 304 figuras
1138 261 1229 303 quot
1257 258 1405 293 affectus
1433 257 1644 303 repudiandi

145 306 182 347 9,
203 306 237 348 1,
251 307 309 339 23.
356 302 415 346 ΙΙ)
439 305 482 337 de
505 304 647 337 divortio
662 318 672 337 .·
700 302 864 339 occidisti
886 314 1041 340 uxorem
1063 303 1140 349 ipse
1163 305 1322 341 adulter:
1346 313 1422 339 non
1443 303 1577 340 ferrem
1594 310 1643 349 te,

145 350 284 386 etiamsi
310 349 536 394 repudiasses
560 351 595 394 8,
621 350 656 394 5,
684 352 741 384 31.

98 418 356 475 Repudium·
405 428 642 474 simpliciores
665 428 749 464 illae
772 427 1046 475 (controversiae)
1070 429 1194 476 injusti
1218 428 1360 475 repudii
1382 433 1427 475 7,
1452 428 1496 474 4,
1515 429 1577 466 38.

98 496 321 554 Repugno·
367 507 411 552 α)
435 508 535 543 taciti
560 514 762 556 repugnant
783 512 830 554 2,
850 510 896 554 6,
919 511 955 545 3.
981 511 1129 557 longam
1151 508 1238 544 facit
1260 519 1429 555 operam,
1453 509 1551 556 quod
1576 520 1648 545 re-

144 567 420 603 pugnamus:
449 555 572 590 brevis
596 561 651 590 est
671 555 848 591 institutio
870 556 968 592 vitae
990 558 1164 592 honestae
1188 557 1398 602 beataeque,
1421 555 1454 590 si
1468 556 1648 592 credas.

147 604 204 645 12,
225 605 281 646 11,
304 604 362 636 12.
386 607 528 636 naturas
553 601 791 649 mitigare,
817 614 886 648 qua
911 604 1251 650 repugnabunt
1275 601 1312 647 4,
1331 605 1367 646 1,
1391 605 1449 638 17.
1474 614 1506 642 ¹2·
1524 601 1649 638 Com-

144 654 269 693 peto.
297 659 357 682 res
382 655 490 692 prout
514 654 787 695 congruunt
811 655 873 684 aut
894 655 1165 697 repugnant
1187 652 1223 692 7,
1245 651 1288 692 2,
1314 650 1376 692 57;
1408 651 1559 683 Par-tic..-
1586 659 1647 683 re-

144 694 341 741 pugnantia
374 697 421 737 5,
449 697 516 737 11,
544 697 601 730 31,
647 707 680 730 v.
709 695 1027 740 Consequens
1061 699 1121 730 sub
1155 694 1444 740 Consequor.
1481 705 1558 730 non
1589 705 1649 730 re-

141 751 306 788 pugnans
332 741 550 785 (credibilium
578 740 695 784 genus)
723 742 766 786 5,
797 745 851 784 10,
876 742 919 777 16
943 755 976 776 v.
1002 743 1278 787 Propensus.
1303 753 1382 786 rep.
1407 742 1507 788 leges
1530 741 1564 783 5,
1588 743 1648 784 10,

144 790 225 822 107.
251 787 503 832 probationum
530 787 621 822 aliae
649 794 731 822 sunt
756 788 1080 833 necessariae,
1116 788 1207 823 aliae
1235 787 1528 831 credibiles,
1556 786 1647 821 aliae

143 844 236 868 non
259 839 580 881 repugnantes
610 834 645 877 5,
669 836 705 879 8,
732 835 778 878 63
804 835 904 880 quasi
933 836 979 870 ad
1005 835 1275 883 repugnandum
1297 845 1491 881 congressa
1517 834 1648 868 defen-

143 879 199 914 sio
225 882 271 923 3,
296 880 341 923 6,
368 883 422 915 13.
481 882 536 925 β)
558 894 586 915 c.
617 884 704 914 Dat.
741 882 773 924 a)
797 892 846 916 ne
872 880 944 916 illis
972 882 1116 926 quidem
1144 881 1292 915 nimium
1314 891 1475 927 repugno
1500 883 1562 923 12,
1588 881 1646 923 10,

142 924 202 961 45.
240 926 285 968 cs.
311 928 354 968 5,
379 929 420 960 11
436 952 447 970 ‚
472 929 506 960 2.
541 933 783 974 repugnantes
813 939 876 962 eos
911 927 995 973 (qui
1018 931 1052 962 in
1086 930 1224 973 epilogis
1247 925 1457 968 excitantur)
1485 924 1647 971 patronis

142 984 252 1017 saepe
275 972 354 1008 vidi
377 973 420 1014 6,
445 975 478 1016 1,
503 974 562 1008 38.
588 974 649 1007 diu
676 974 783 1008 etiam
805 975 1023 1008 mutantibus
1048 974 1319 1021 repugnandum
1345 976 1363 1008 1
1378 999 1389 1016 ,
1417 973 1460 1016 6,
1484 974 1550 1015 2ος
1588 970 1648 1006 cui
1695 1007 1698 1010 Δ

141 1019 195 1053 rei
220 1018 413 1064 praecipue
436 1026 611 1066 repugnat
637 1019 826 1055 Cornelius
852 1021 976 1056 Celsus
1002 1023 1047 1064 3,
1074 1023 1117 1065 6,
1145 1022 1201 1055 13.
1237 1019 1284 1062 cs.
1309 1022 1344 1060 3,
1366 1021 1401 1063 5,
1428 1021 1462 1054 3.
1494 1017 1580 1053 licet
1600 1017 1648 1052 sit

142 1065 299 1110 aliquam
326 1065 365 1099 in
388 1071 526 1110 partem
549 1066 772 1110 pronior,
806 1067 935 1102 ceteris
963 1073 1082 1102 tamen
1110 1077 1205 1101 non
1232 1063 1518 1113 repugnabit
1543 1067 1586 1108 2,
1608 1065 1644 1107 8,

143 1114 201 1146 13.
226 1113 288 1147 vel
312 1111 479 1155 fateri,
508 1124 600 1156 quae
623 1114 806 1157 vohunus,
829 1115 892 1149 vel
915 1114 972 1157 iis,
998 1125 1089 1158 quae
1113 1115 1186 1158 jam
1210 1112 1356 1157 dixerit,
1380 1121 1644 1159 repugnare

141 1159 188 1201 5,
212 1160 253 1198 7,
286 1159 342 1193 18.
374 1158 616 1202 asperioribus
644 1160 716 1194 illis
751 1161 870 1194 minus
905 1160 1117 1208 repugnabit
1143 1158 1189 1204 4,
1217 1162 1261 1202 5,
1285 1161 1343 1194 20.
1367 1170 1451 1194 cum
1474 1156 1645 1192 historiae

140 1203 283 1238 cuidam
306 1210 476 1248 tanquam
499 1217 616 1239 vanae
639 1213 855 1253 repugnaret
880 1209 921 1248 1,
944 1209 988 1251 8,
1011 1209 1068 1241 20.
1083 1197 1087 1207 ’
1105 1205 1344 1240 incommodis
1375 1203 1645 1252 repugnandum

139 1253 198 1293 10,
229 1253 263 1292 3,
289 1252 347 1284 28.
370 1250 445 1285 vim
469 1250 799 1294 imperiosissimam
824 1259 860 1286 et
884 1253 942 1287 cui
964 1252 1156 1299 repugnari
1180 1251 1327 1285 minime
1351 1256 1469 1295 potest
1491 1251 1527 1294 6,
1551 1251 1587 1293 3,
1611 1250 1645 1284 8.

139 1295 193 1339 b)
217 1307 298 1329 cum
321 1295 389 1330 sibi
411 1296 488 1339 ipsa
512 1297 674 1340 plurimis
698 1299 738 1331 in
762 1298 854 1332 locis
877 1305 1054 1344 repugnet
1078 1299 1282 1343 (analogiae
1305 1298 1420 1340 ratio)
1445 1299 1488 1340 1,
1509 1296 1555 1340 6,
1586 1298 1642 1330 12.

142 1341 271 1386 quibus
292 1349 351 1375 aut
371 1342 556 1376 infirmitas
576 1349 725 1378 naturae
748 1354 824 1378 non
851 1344 1090 1387 sufficiat,
1108 1349 1168 1378 aut
1194 1343 1385 1378 diversitas
1410 1347 1645 1388 repugnet

141 1390 206 1430 10,
231 1391 273 1431 2,
300 1389 354 1423 19.
383 1388 490 1422 alicui
512 1389 731 1423 manentium
753 1391 874 1436 legum
898 1400 1099 1436 repugnare
1123 1388 1361 1432 (rogationem)
1385 1391 1431 1432 2,
1453 1386 1496 1432 4,
1522 1390 1580 1422 35.
1612 1387 1643 1422 si

139 1435 202 1470 vel
227 1434 475 1468 antecedentia
497 1435 560 1470 vel
582 1435 807 1480 insequentia
830 1435 962 1469 tabulis
987 1441 1189 1482 repugnant
1214 1437 1248 1476 5,
1272 1435 1308 1478 5,
1333 1437 1377 1476 23
1406 1433 1555 1470 novitiis
1578 1445 1645 1467 no-

139 1480 223 1514 stris
246 1492 313 1524 per
336 1487 426 1525 quot
453 1491 567 1515 annos
590 1493 710 1516 sermo
732 1482 882 1516 Latinus
904 1482 1109 1528 repugnat?
1138 1484 1172 1524 1,
1197 1483 1254 1524 12,
1280 1481 1325 1524 9;
1349 1479 1420 1516 sibi
1437 1491 1645 1528 repugnan-

138 1526 190 1561 tia
211 1525 246 1566 4,
269 1530 305 1569 2,
331 1529 387 1561 60.
433 1526 470 1571 y)
496 1527 624 1562 circa
652 1539 743 1572 quae
766 1527 797 1562 si
819 1527 873 1570 is,
898 1528 959 1573 qui
982 1527 1208 1570 instituetur,
1232 1537 1308 1560 non
1327 1525 1585 1574 repugnaverit
1607 1528 1642 1569 8,

137 1574 196 1606 Pr.
218 1575 261 1615 53
286 1573 466 1607 interdum
488 1575 776 1622 repugnantibus
794 1574 882 1620 (Sp.
906 1576 990 1608 dum
1011 1585 1059 1608 ne
1081 1570 1311 1621 pugnantib.)
1333 1571 1460 1608 inter
1481 1583 1531 1608 se
1556 1573 1646 1606 dua-

139 1619 208 1653 bus
234 1619 564 1664 (praepositionibus)
590 1624 625 1665 1,
645 1621 679 1666 5,
701 1621 748 1657 65
763 1624 806 1656 Z.

92 1685 348 1743 Requieseo.
396 1699 556 1734 lacrimis
581 1700 825 1748 fatigatur
854 1700 1017 1745 auditor,
1048 1706 1084 1736 et
1110 1698 1407 1745 requiescit,
1437 1703 1474 1732 et
1495 1698 1540 1732 ab
1563 1697 1643 1741 illo,

137 1755 245 1789 quem
269 1751 435 1789 ceperat,
459 1746 594 1790 impetu
619 1750 665 1781 ad
692 1747 868 1782 rationem
890 1747 985 1782 redit
1010 1748 1047 1791 6,
1077 1749 1112 1791 1,
1136 1748 1193 1782 28.
1220 1745 1299 1780 sive
1324 1743 1518 1790 requiescit
1539 1744 1643 1779 labor

136 1791 220 1834 ille,
251 1794 352 1835 cujus
378 1791 444 1826 sibi
472 1792 550 1837 ipsa
583 1794 744 1841 fatigatio
767 1795 930 1828 obstabat
954 1797 1016 1837 11,
1040 1796 1082 1837 2,
1109 1792 1166 1828 43.
1200 1797 1237 1827 et
1269 1790 1372 1825 stilus
1394 1790 1551 1826 lectione
1572 1802 1643 1825 re-

139 1837 378 1882 quiescit,
413 1845 448 1873 et
476 1839 589 1883 ipsius
623 1840 791 1875 lectionis
814 1840 972 1874 taedium
1001 1839 1194 1876 vicibus
1216 1839 1416 1878 levatur
1443 1840 1485 1882 1,
1510 1839 1579 1882 12,
1599 1835 1642 1881 43

135 1884 436 1929 requiescendum
458 1885 504 1920 in
533 1888 603 1921 hac
625 1887 783 1921 lectione
804 1889 860 1931 10,
881 1890 916 1931 1,
935 1889 993 1922 27.

91 1949 295 2007 Requu'o·
339 1964 378 2008 Ι)
414 1967 438 1998 ἰ.
465 1979 496 2010 q.
520 1978 711 2010 quaero:
744 1966 972 2010 requirebat,
1007 1964 1077 1999 Ubi
1103 1970 1223 1999 essent
1246 1975 1311 1999 eae
1337 1962 1584 2009 possessiones
1606 1963 1643 2006 6,

137 2011 173 2053 3,
196 2009 254 2043 44.
281 2016 357 2044 tota
382 2011 524 2046 actione
550 2012 840 2057 respiciunt,
864 2012 1112 2057 requirunt
1123 2022 1206 2055 que,
1228 2022 1316 2044 num
1343 2010 1478 2055 aliquid
1501 2020 1551 2044 ex
1570 2009 1643 2044 illis

134 2055 319 2091 intervelli
343 2065 403 2092 eto.
429 2058 543 2102 possit
569 2061 631 2100 12,
656 2059 698 2101 9,
725 2063 781 2094 17.
814 2060 974 2093 membra
996 2057 1220 2102 requirentes
1246 2058 1291 2090 ad
1314 2058 1531 2101 sepulturam
1554 2065 1643 2100 pro-

135 2102 262 2147 pinqui
287 2107 327 2137 11
341 2129 350 2145 ,
374 2107 415 2144 2,
441 2107 498 2138 13.
527 2104 646 2138 subito
671 2116 730 2139 res
754 2111 914 2140 vetustas
937 2106 1089 2139 reddere
1111 2115 1150 2138 se
1173 2108 1210 2137 et
1230 2103 1382 2138 offerre:
1411 2113 1481 2137 nec
1501 2106 1640 2136 tantum

137 2149 533 2194 requirentibus,
570 2152 635 2185 sed
660 2151 768 2186 etiam
791 2157 970 2196 sponte
1001 2149 1143 2185 interim
1170 2152 1214 2183 ib.
1241 2150 1275 2184 5.
1308 2149 1400 2184 nihil
1422 2147 1583 2183 arcessiti
1606 2152 1643 2182 et

137 2195 311 2229 elaborati
336 2196 544 2240 requirente
570 2196 752 2241 (sermone)
779 2200 836 2240 12,
864 2200 919 2241 10,
948 2198 996 2232 40
1018 2198 1066 2230 N.
1089 2209 1136 2229 cr.
1163 2207 1254 2240 quae
1283 2196 1422 2239 priores
1449 2194 1642 2230 invene-

137 2247 262 2281 runt,
287 2242 393 2276 nobis
420 2253 496 2277 non
518 2249 601 2277 sunt
623 2243 912 2288 requirenda
938 2244 972 2286 5,
993 2245 1049 2285 10,
1076 2244 1156 2276 121.
1182 2241 1228 2283 cs.
1253 2242 1288 2285 5,
1315 2245 1372 2286 12,
1394 2244 1460 2284 11,
1485 2239 1564 2276 sive
1587 2250 1642 2273 ex

136 2286 365 2322 historiarum
391 2295 556 2325 veterum
583 2290 711 2324 notitia
732 2290 879 2324 nomina
903 2288 1089 2324 hominum
1114 2295 1177 2322 etc.
1202 2288 1425 2332 requiramus
1450 2289 1491 2330 1,
1515 2287 1555 2329 6,
1583 2286 1642 2320 31.

138 2334 234 2375 quod
260 2334 290 2367 si
314 2334 393 2378 quis
419 2347 544 2379 parum
573 2337 708 2379 credat,
739 2347 805 2381 ap.
831 2336 947 2380 ipsum
970 2336 1017 2369 in
1039 2344 1139 2368 nono
1162 2335 1322 2378 requirat
1346 2337 1379 2378 1,
1403 2337 1440 2376 7,
1469 2333 1526 2368 19.
1551 2331 1642 2366 haec

136 2380 347 2424 plerumque
373 2381 417 2414 in
445 2382 679 2416 altercatione
704 2388 764 2416 aut
787 2382 833 2415 in
856 2381 1026 2428 rogandis
1048 2380 1198 2415 testibus
1220 2379 1452 2424 requiruntur
1471 2379 1507 2420 6,
1527 2379 1563 2421 3,
1582 2376 1642 2413 46.

138 2425 195 2465 11)
220 2428 241 2458 i.
270 2440 300 2470 q.
329 2429 558 2462 desidero.-
593 2429 645 2462 sic
672 2434 711 2462 ut
734 2428 825 2461 nihil
849 2428 895 2462 sit
918 2428 967 2461 in
990 2426 1047 2461 his
1069 2426 1325 2471 requirendum
1350 2429 1392 2469 2,
1417 2427 1485 2468 20,
1514 2425 1571 2459 10.
1593 2433 1641 2457 ne

140 2470 224 2512 quid
250 2472 400 2507 studiosi
424 2474 700 2518 requirant,
726 2474 833 2508 etiam
856 2474 888 2507 si
912 2473 998 2519 quid
1024 2472 1103 2516 erit,
1129 2473 1224 2517 quod
1241 2473 1286 2506 ad
1308 2473 1451 2506 scholas
1465 2467 1642 2514 pertineat

139 2516 306 2559 proprie,
335 2518 373 2552 in
401 2520 550 2553 transitu
574 2531 662 2555 non
686 2520 946 2555 omittemus
971 2523 1006 2563 2,
1031 2522 1089 2562 10,
1118 2520 1174 2556 15.
1207 2518 1346 2563 aliquae
1369 2516 1566 2558 (orationes)
1594 2515 1640 2548 ad

142 2566 432 2605 cognoscendam
448 2566 564 2600 litium
584 2567 832 2611 quaestionem
849 2572 948 2601 recte
970 2565 1200 2610 requirentur
1218 2567 1274 2605 10,
1297 2567 1331 2607 1,
1354 2565 1412 2597 23.
1450 2562 1520 2602 ΙΙΙ)
1548 2563 1639 2594 Ρω-

139 2608 217 2639 1ic.:
261 2609 352 2653 Quid
366 2611 383 2643 ¹?
421 2613 518 2655 quod
533 2613 717 2657 'quaedam
743 2612 916 2658 requisita
939 2623 978 2647 se
1006 2613 1207 2654 occultant,
1232 2615 1270 2644 et
1292 2608 1417 2644 eadem
1439 2607 1534 2641 forte
1557 2617 1641 2640 suc-

139 2655 311 2687 currunt?
344 2659 405 2698 11,
433 2660 475 2700 2,
501 2662 535 2692 7.
564 2665 603 2692 ut
630 2669 705 2693 non
729 2658 817 2704 (Sp.
843 2662 943 2693 inser.
970 2657 1033 2702 ad)
1056 2656 1228 2701 requisita
1250 2653 1490 2698 respondere,
1514 2652 1578 2686 sed
1599 2658 1640 2686 ut

141 2707 283 2742 semper
315 2702 478 2736 sensibus
506 2703 696 2740 inhaerere
723 2705 916 2741 videantur
941 2705 984 2747 8,
1015 2705 1072 2738 Pr.
1101 2704 1150 2738 30
1174 2705 1218 2737 Ζ.
1261 2699 1319 2735 Ad
1342 2698 1514 2743 requisita
1535 2702 1639 2733 natu-

141 2753 203 2778 rae
236 2745 345 2779 Sall.
370 2748 414 2789 8,
440 2748 482 2790 6,
508 2750 553 2784 59
583 2751 629 2783 Ν,
