1728 3002
191 247 273 288 132
739 245 859 290 coeo
889 273 944 280 -—
975 246 1188 305 Cogitatio

191 347 325 390 0030·
383 359 501 403 coit,
534 372 615 395 cum
638 360 685 410 sit
706 371 873 407 praepos.
900 371 988 398 oon
1013 364 1047 407 1,
1072 362 1108 407 5,
1129 362 1190 399 69.
1246 359 1283 407 1)
1309 363 1546 408 defin-onio.-
1572 369 1614 400 ut
1639 375 1728 413 vaga

208 424 210 426 ·
234 407 295 441 illa
317 408 508 442 multitudo
532 407 579 441 in
602 409 756 453 populos
781 408 896 442 coiret
915 411 950 452 2,
969 408 1026 452 16,
1044 409 1089 453 93
1137 410 1353 453 peculiariter
1372 411 1415 444 de
1434 413 1626 452 concubitu.-
1651 422 1728 446 curn

203 460 205 463 “
234 454 351 488 aliena
381 465 499 488 uxore
530 454 629 488 coire
659 458 704 498 7,
729 457 772 497 3,
802 457 859 489 10.
902 454 1020 490 coisse
1046 455 1189 497 αἰνὴ-ο
1214 455 1248 497 5,
1273 455 1309 499 9,
1335 454 1370 490 5.
1403 473 1454 481 —
1484 467 1518 492 ο.
1543 457 1673 492 ancilla
1695 458 1728 502 5,

235 502 294 543 11,
318 501 375 536 35.
421 499 519 534 Nihil
548 501 682 541 obstat,
721 500 910 545 quominus
935 500 1067 544 justum
1090 500 1357 536 matrimonium
1382 501 1429 536 sit
1449 507 1728 543 montecoeun-

232 546 341 591 tium,
381 546 519 580 etiamsi
551 547 692 580 tabulae
728 547 887 594 signatae
917 557 993 581 non
1018 547 1154 582 fuerint
1187 547 1222 589 5,
1245 550 1303 591 11,
1327 549 1385 582 32.
1413 562 1419 565 ·
1475 549 1665 592 Intrat-31.
1691 551 1728 584 de

233 595 351 627 rebus.-
404 591 446 637 α)
478 604 650 637 aquarum
673 592 793 626 fluxus
817 592 892 627 coit
915 595 972 637 11,
996 595 1032 637 3,
1049 595 1108 628 21.
1146 604 1227 628 cum
1249 592 1377 628 summi
1394 593 1566 631 'coierunt
1587 594 1728 642 (digiti)

234 642 278 672 ib.
293 639 366 674 ’96.
411 638 521 672 labris
550 638 732 673 coeuntib.
758 640 794 680 8,
818 640 855 682 3,
879 637 937 674 45.
985 638 1028 684 β)
1052 641 1142 675 haec
1165 650 1241 674 non
1263 645 1337 674 tam
1362 650 1423 674 ex
1453 641 1568 675 tribus
1600 640 1728 686 (poea-

234 687 365 728 bulis),
399 697 505 730 quam
530 696 582 719 ex
606 684 790 729 particulis
813 684 923 720 trium
947 689 1082 720 coeunt
1099 689 1132 729 1,
1148 688 1183 730 5,
1197 686 1254 731 67.
1271 685 1577 732 -frequentissime
1600 683 1728 731 coemi!

233 733 412 773 (diversae
429 733 594 774 figurae)
618 732 653 773 9,
679 734 712 774 1,
740 731 798 766 16.
843 731 942 766 coire
975 731 1026 766 in
1059 733 1156 766 easd.
1185 732 1378 766 sententias
1410 735 1456 767 ib.
1483 734 1518 769 9.
1559 737 1728 770 coeuntes

232 778 358 812 literae
382 778 418 820 9,
443 777 478 820 4,
502 778 559 812 35.
604 777 799 821 asperrime
830 779 1013 812 coeuntib.
1047 778 1178 812 inter
1209 789 1248 812 se
1278 777 1391 812 literis
1424 781 1457 822 1,
1483 782 1516 823 1,
1540 781 1615 822 37„
1640 790 1728 826 quae

232 822 1176 911 2²1,¹¹¹20‘1¹¹2f‘¹¹¹51⁰¹'3³¹'122⁶⁰332.‘1}{3;2“2.⁹’.22⁹.¹4.
1194 823 1367 905 ’ἑὲἒέἔέῗ
1383 828 1526 906 5553?
1549 823 1728 908 timi?

231 916 478 950 Membrorum
502 895 771 960 incitiorumque
794 916 962 960 junctura
985 926 1059 951 non
1084 883 1127 951 gia
1148 918 1258 951 modo
1281 916 1337 951 est
1358 897 1602 962 observanda,
1633 896 1728 963 ’(Ῑιιαὲ

231 963 450 1004 verborum,
490 970 692 1006 quanquam
729 969 765 997 et
799 963 838 996 in
871 962 928 998 his
965 969 1128 998 extrema
1161 973 1203 1010 ac
1234 963 1348 1010 prima
1379 967 1514 998 coeunt
1545 964 1581 1008 9,
1607 962 1644 1008 4,
1671 963 1728 1000 44.

230 1006 266 1054 y)
294 1008 494 1053 perfectum
521 1008 642 1053 quidd.
668 1008 767 1050 fieri,
808 1020 890 1043 cum
926 1009 1046 1043 omnia
1069 1009 1255 1053 coierunt,
1290 1019 1440 1044 necesse
1465 1015 1519 1044 est
1556 1013 1614 1057 11,
1638 1012 1674 1054 3,
1695 1010 1728 1046 9.

230 1052 380 1137 si9parti
403 1053 563 1093 utrilibet
590 1056 737 1090 alteram
775 1055 998 1090 detrahas
1029 1063 1092 1091 etc.
1140 1055 1206 1091 Sin
1232 1066 1284 1091 ex
1307 1055 1386 1102 pari
1408 1056 1582 1097 coeant
1606 1058 1728 1102 elma,

231 1105 249 1136 1
279 1126 288 1142 ,
313 1106 348 1135 2.

184 1146 333 1202 Coepi·
380 1156 413 1202 Ξ)
445 1170 541 1192 sensu
569 1159 703 1192 activo.-
740 1169 833 1203 quae
860 1169 1093 1203 coeperamus
1118 1157 1154 1202 6,
1177 1159 1236 1194 Pr.
1261 1160 1326 1202 153
1358 1166 1506 1204 omne,
1545 1169 1618 1206 quo
1641 1163 1728 1198 coo-⁴

228 1209 360 1250 perunt
386 1205 477 1248 (Sp.
504 1206 602 1249 quod
627 1204 835 1249 coeperit),
863 1206 1091 1249 prooemium
1115 1211 1241 1249 putant
1264 1206 1308 1249 4,-
1326 1209 1359 1248 1,
1381 1207 1427 1241 53
1449 1207 1499 1240 Ν.
1516 1219 1564 1241 cr.
1602 1207 1647 1242 T.
1665 1206 1728 1241 Li-

227 1253 309 1288 vius
332 1252 532 1286 hexametri
558 1251 752 1286 exordio
778 1251 898 1295 coepit
921 1254 965 1285 ib.
984 1250 1042 1286 74.
1071 1262 1144 1296 quo
1159 1262 1392 1296 coeperamus
1415 1251 1555 1297 (casu)
1576 1255 1620 1287 ib.
1639 1255 1709 1288 117

228 1299 259 1333 si
286 1297 520 1342 coepisset
547 1309 568 1331 a
590 1303 668 1332 toto
693 1308 866 1341 corpore,
901 1302 975 1331 no'n
997 1298 1090 1332 bene
1114 1298 1159 1331 ad
1177 1299 1290 1332 latera
1309 1298 1504 1343 faucesque
1531 1300 1675 1333 desce

228 1347 361 1379 deret
389 1344 424 1386 9,
449 1343 484 1386 4,
509 1345 566 1378 23.
616 1355 699 1378 cum
735 1354 756 1377 a
794 1344 872 1387 jure
899 1344 1062 1388 coeperit
1083 1347 1119 1387 7,
1146 1346 1180 1388 1,
1207 1346 1242 1378 2.
1281 1354 1353 1388 quo
1377 1355 1436 1378 ex
1459 1355 1592 1391 genere
1621 1355 1674 1383 ιο

226 1390 379 1436 peris,
414 1392 486 1424 hoo
523 1390 713 1424 desinas
748 1390 783 1432 8,
812 1390 847 1433 6,
872 1392 928 1425 50.
958 1391 1030 1424 hoc
1052 1390 1160 1428 modo
1191 1389 1412 1434 coepisse
1443 1391 1714 1434 Demosthene,

228 1439 336 1472 credo
371 1437 409 1470 in
441 1436 505 1470 illo
537 1435 777 1481 principio
802 1439 860 1479 11,
888 1438 923 1479 3,
950 1437 1016 1480 97;
1063 1436 1215 1480 Stupere
1242 1435 1374 1483 gaudio
1404 1436 1583 1482 Graecus,
1607 1436 1687 1474 -sim
1709 1474 1716 1482 ,

228 1484 322 1518 enim
346 1482 488 1516 auditur
515 1482 673 1527 coepit
711 1484 778 1525 fig.
801 1482 837 1524 9,
865 1484 898 1525 3,
929 1484 994 1524 583
1041 1493 1111 1517 nos
1141 1481 1212 1517 rite
1235 1482 1452 1527 coepturi
1483 1483 1535 1519 ab
1564 1483 1662 1518 Hom

227 1531 392 1565 videmur
417 1531 543 1572 10,,1,
568 1528 640 1572 463
688 1527 845 1572 coepti
867 1528 1098 1573 poenitentia!
1123 1531 1179 1572 12,
1205 1528 1240 1572 5,
1267 1530 1302 1564 3.
1351 1527 1359 1559 ἶ
1395 1528 1450 1572 Π)
1474 1542 1571 1563 sensu
1594 1536 1702 1564 neutr.

229 1588 310 1611 cum
337 1577 373 1610 id
399 1575 559 1620 coeperit
583 1586 661 1610 esse
689 1585 755 1620 pro
779 1580 880 1609 certo
908 1576 942 1618 5,
970 1577 1025 1618 12,
1048 1578 1082 1610 2.
1129 1573 1277 1610 Lati-nos
1302 1573 1447 1611 dicendi
1497 1575 1686 1627 raeceptor

227 1622 399 1665 extremis,
426 1622 466 1656 L.
494 1621 614 1656 Crassi
637 1621 858 1666 temporibus
885 1621 1048 1665 coepisse
1071 1623 1106 1664 2,
1127 1619 1162 1665 4,
1178 1619 1236 1656 42.
1280 1630 1444 1666 quomo
1485 1631 1507 1656 ο
1533 1621 1710 1668 coeperim

226 1669 438 1714 (rhythmi),
481 1673 630 1703 currunt
655 1679 771 1713 usque
798 1668 842 1701 ad
865 1664 1074 1712 μεταβολήν
1096 1668 1131 1710 9,
1152 1667 1194 1711 4,
1217 1667 1273 1703 50.
1316 1666 1361 1710 ej:
1391 1667 1448 1703 55.
1494 1673 1620 1703 sensus
1645 1667 1711 1702 toti

227 1716 607 1760 quemadmodum
651 1719 868 1758 coeperunt,
914 1713 1078 1749 desinent
1108 1714 1150 1756 9,
1177 1716 1220 1757 3„
1245 1712 1302 1748 43.
1356 1714 1535 1758 quando
1565 1713 1709 1759 coeperi

224 1764 314 1795 haec
341 1773 397 1795 ars
424 1764 471 1804 2,
501 1764 560 1804 17,
589 1762 622 1796 8.
667 1762 763 1795 unde
791 1760 953 1805 coeperit
983 1759 1195 1803 (rhetorice)
1219 1762 1262 1802 3,
1292 1761 1335 1803 1,
1364 1762 1395 1794 1.
1435 1759 1558 1795 cuivam
1581 1759 1686 1794 dicen

224 1808 330 1842 inde
357 1807 598 1851 coepisse,
638 1808 736 1852 quod
763 1825 810 1833 -—-
839 1806 1039 1841 accuratius
1065 1805 1166 1850 loqui
1188 1803 1486 1850 instituerint
1511 1806 1547 1850 3,
1570 1807 1608 1850 2,
1631 1808 1668 1840 2.

225 1864 296 1898 quo
323 1854 477 1901 jurgium
505 1854 625 1898 coepit
647 1855 682 1897 5,
709 1855 766 1896 10,
790 1855 848 1888 72.
1372 1851 1381 1867 ’“

180 1908 385 1951 (ῘΟόΙὋΕΟι
434 1920 614 1969 surgentia
649 1920 689 1955 in
721 1922 832 1954 altum
863 1918 1049 1954 cacumina
1077 1919 1179 1954 oleae
1208 1918 1310 1954 ferro
1336 1919 1522 1955 coercebo>
1538 1921 1580 1964 8,
1604 1921 1640 1965 3,
1664 1922 1684 1955 1

224 1968 317 2003 vites
355 1972 565 2002 coercemus
601 1977 708 2001 manu
740 1968 786 2009 9,
815 1965 858 2009 4,
884 1968 925 2009 53
974 1965 1060 2010 quid
1090 1969 1258 2001 coerceat
1285 1966 1496 2011 cupiditates
1521 1969 1577 2010 12,
1600 1969 1636 2010 2,

225 2015 433 2048 efferentem
468 2026 508 2048 se
541 2014 615 2058 (sic
649 2017 691 2048 Z.
725 2015 907 2054 intelligens
942 2010 1237 2055 facultatem)
1273 2012 1376 2058 quasi
1407 2013 1570 2058 quibusd.
1606 2011 1702 2047 freni

226 2063 456 2095 coerceamus
482 2062 537 2104 10,
561 2062 596 2103 3,
626 2057 682 2094 10.
715 2058 750 2094 vj
778 2059 952 2092 Effero.
984 2057 1182 2099 exultantia
1204 2056 1378 2094 coercere
1406 2057 1520 2102 10,.4,
1541 2061 1579 2094 ’1.
1598 2057 1698 2109 ,verb

223 2106 260 2141 vi
291 2108 392 2150 quad.
430 2106 592 2143 veritatis
629 2104 851 2149 erumpentia
885 2107 1058 2139 coercere
1089 2105 1132 2148 9,
1162 2106 1206 2148 2,
1240 2106 1299 2140 76.
1344 2110 1495 2153 anguste
1525 2103 1648 2158 intr-*a

224 2154 349 2185 civws
383 2154 610 2196 quaestiones
642 2155 814 2186 coercent
848 2145 1079 2196 (rhetoricen)
1103 2154 1138 2195 2,
1165 2153 1221 2196 15,
1245 2152 1304 2187 36.
1341 2162 1382 2187 se
1404 2149 1517 2186 multa
1540 2161 1594 2186 ex
1614 2159 1654 2196 yn

223 2199 283 2230 ...ii
311 2200 523 2233 &undantia
549 2199 754 2234 coercuisse
779 2200 835 2240 12,
861 2200 895 2242 1,
919 2199 977 2232 20.
1279 2206 1282 2210 ”
1651 2200 1676 2215 ”

177 2241 405 2284 COffsssith·
454 2255 713 2300 interpellantis
737 2258 859 2291 coerc.
888 2254 944 2299 (a.
970 2259 993 2289 l.
1020 2252 1185 2297 coertio),
1203 2255 1269 2297 fig.
1297 2254 1334 2298 9,
1358 2256 1394 2298 2,
1417 2256 1442 2294 2
1468 2245 1594 2288 Usar-,¹³
1619 2264 1622 2269 ·
1659 2258 1678 2268 ‘¹

178 2299 354 2342 Coetus·
400 2313 586 2358 judicia
613 2319 650 2348 et
673 2313 733 2347 alii
757 2318 928 2347 coetus
952 2315 989 2355 2,
1016 2312 1073 2355 15,
1103 2312 1160 2346 18.
1196 2316 1320 2363 coetus
1343 2311 1556 2364 scholarum·
1575 2308 1651 2355 2‚9

223 2368 302 2400 per
337 2370 384 2392 se
418 2361 606 2404 deforme,
637 2361 702 2395 vel
726 2358 873 2396 nonin
894 2361 1053 2401 coetu,
1082 2365 1256 2403 vomere:
1290 2367 1330 2391 m
1354 2361 1479 2402 coetu,
1508 2362 1617 2392 etiam
1647 2366 1697 2407 ‚91

221 2404 346 2446 populi
369 2407 403 2447 8,
430 2405 465 2447 4,
489 2407 524 2440 8.
1594 2418 1597 2423 ’

176 2446 514 2491 coexercitatus.
561 2461 825 2496 coexercitatae
850 2457 1092 2505 perceptionis
1117 2461 1154 2503 2,
1183 2461 1241 2503 17,
1267 2457 1328 2495 41.
1661 2492 1668 2506 ,

173 2503 408 2559 Cogitatio.
456 2519 499 2551 de
527 2518 744 2564 cogitatione
770 2520 827 2562 10,
853 2528 930 2562 cap.
955 2517 993 2552 6.
1028 2515 1263 2564 cogitatio
1286 2515 1453 2561 proxima
1475 2515 1595 2551 stile
1612 2514 1670 2552 ib.

219 2561 312 2595 sicut
335 2561 374 2595 in
397 2562 612 2609 cogitatione
636 2563 874 2609 praecipimus
902 2565 958 2606 10,
974 2565 1014 2605 ,7,
1040 2563 1103 2604 18.
1145 2562 1362 2598 divisionem
1387 2564 1432 2597 ad
1461 2561 1664 2608 cogitati

211 2618 320 2641 nem
346 2607 454 2641 etiam
487 2615 523 2641 et
554 2609 713 2643 stilum
746 2610 935 2655 perferunt
956 2610 992 2651 2,
1018 2608 1056 2651 6,
1080 2610 1114 2643 3.
1177 2608 1220 2653 α)
1243 2610 1435 2643 Nominat..·
1459 2607 1578 2649 minus
1601 2609 1662 2642 affi

216 2652 440 2699 fatigatio
466 2665 570 2698 quam
594 2655 734 2701 cogit.
759 2658 794 2699 1,
811 2658 868 2698 12,
889 2657 942 2689 11.
975 2658 1016 2687 ut
1039 2665 1180 2700 semper
1202 2660 1362 2689 nostram
1384 2664 1542 2690 vocem
1562 2663 1633 2698 'pro
1661 2653 1671 2663 ⁴

217 2703 254 2733 et
278 2698 431 2732 formata
452 2699 562 2745 cogit.
591 2701 749 2744 excipiat
775 2704 833 2746 10,
857 2704 890 2736 7.
918 2701 955 2735 8.
987 2700 1098 2735 faciat
1122 2699 1190 2735 sibi
1214 2700 1322 2747 cogit.
1350 2699 1428 2745 ipsa
1451 2705 1645 2734 secretum.

214 2746 250 2787 3,
278 2746 347 2796 30..
377 2750 418 2778 ut
440 2751 559 2789 partes
584 2756 707 2781 omnes
739 2747 850 2796 cogit.
874 2745 988 2792 possit
1017 2757 1231 2791 peremere
1253 2749 1310 2789 11,
1335 2748 1370 2789 2,
1397 2746 1462 2781 18.
1492 2751 1577 2780 cum
1597 2757 1643 2782 co
1670 2784 1671 2787 ,

212 2791 307 2824 ultra
336 2791 396 2834 ld,
439 2791 537 2834 quod
571 2797 645 2837 est,
682 2793 824 2840 longius
858 2791 998 2838 quaerit
1027 2795 1071 2828 ib.
1094 2795 1128 2828 3.
1173 2797 1324 2828 revocat
1345 2802 1413 2826 nos
1442 2793 1549 2839 cogit.
1575 2793 1621 2827 ad
1676 2832 1679 2835 Ι

214 2836 399 2872 ehborata
423 2839 479 2882 10,
503 2839 539 2881 7,
563 2838 622 2873 32.
660 2837 789 2875 tacitae
815 2848 960 2885 quoque
983 2838 1127 2887 cogitat.
1155 2838 1194 2875 in
1215 2844 1371 2874 mentam
1394 2843 1626 2875 revertuntur
1649 2841 1683 2876 11
