1728 3002
11 2286 14 2289 ,
2 2176 14 2249 ...ρ-,ν
0 2147 9 2164 -ι
0 2094 7 2137 ην*

110 232 118 252 “
258 214 262 218 ’
578 218 911 289 Recuperatores
933 238 997 252 ·—
1021 218 1170 271 Reddo
1561 216 1642 256 ⁴767

108 330 458 387 Recuperamres.
494 334 596 382 (opu.
622 337 727 372 coda.
749 333 883 382 aeoip.)
904 336 989 371 cio.
1012 337 1050 379 7,
1070 335 1112 378 a,
1140 336 1199 370 17.

107 399 347 454 Recupero.
392 404 659 450 recuperandae
683 402 863 452 dignitatis
885 401 998 452 gratia
1019 404 1078 446 11,
1102 404 1146 446 1,
1169 400 1230 438 79.

107 465 312 508 Recurro.
357 458 414 511 ad
450 483 513 508 eos
542 477 707 509 auctores
739 481 928 507 recurrero
960 471 1020 505 Pr.
1045 472 1103 505 17.
1138 468 1192 503 ad
1217 479 1298 503 eam
1322 466 1500 504 rationem
1521 477 1644 503 recur-

151 529 236 558 runt
258 526 292 565 1,
315 521 353 565 6,
378 521 431 556 13.
460 520 588 564 quaed.
609 519 660 554 in
686 517 903 553 contrarium
926 527 1002 552 non
1024 521 1215 551 recurrunt
1237 517 1272 559 5,
1294 515 1332 559 9,
1354 516 1389 550 6.

107 578 349 622 Recusatio.
397 585 667 632 (jurisjurandi)
695 586 731 630 5,
757 585 795 630 6,
818 586 851 621 5.
877 595 953 619 rec.
977 585 1098 630 plures
1124 582 1268 618 interim
1289 580 1555 629 propositiones
1579 581 1647 615 ha-

151 637 232 672 bet:
256 641 296 669 ut
318 638 493 669 contra
515 632 723 677 petitionem
742 631 917 678 pecuniae
942 630 987 674 4,
1010 629 1056 674 4,
1079 630 1117 666 6.

107 681 288 724 Recuso·
323 690 503 726 insolitum
526 690 684 724 laborem
706 689 885 724 recusabit
913 689 979 731 11,
1005 687 1049 731 3,
1073 687 1131 722 26.
1156 684 1203 728 es.
1230 686 1293 728 12,
1321 686 1380 728 11,
1403 685 1461 719 10.
1485 693 1561 718 non
1585 692 1648 718 re-

152 744 253 772 cusat
277 737 392 782 prima
414 736 535 781 operis
557 735 612 770 sui
635 735 756 770 officia
778 738 814 779 2,
842 738 876 777 1,
901 736 937 770 8.
970 733 1071 777 cnjus
1094 743 1248 778 poenam
1281 741 1356 765 non
1379 740 1585 765 recusamus
1608 729 1647 772 4,

122 787 195 827 ”2,
228 785 286 819 70.
318 788 461 817 recusat
494 782 641 817 vincula
673 782 718 824 5,
744 783 810 824 10,
836 782 901 823 97;
950 791 1057 814 causa
1086 778 1224 820 omnis,
1255 777 1294 812 in
1325 788 1397 822 qua
1427 787 1510 821 pars
1534 777 1647 810 altera

152 828 372 876 agentis,
398 830 507 862 altera
531 826 802 862 recusantis
824 833 879 860 est
901 828 945 869 3,
971 828 1035 869 10,
1059 827 1093 860 1.
1114 825 1314 860 recusanda
1335 822 1536 870 virginibus
1559 832 1649 866 pro-

153 877 208 910 bis
231 877 264 917 1,
278 877 334 918 10,
346 876 389 909 31
402 889 415 918 ;
441 871 627 908 demittere
649 883 708 907 me
731 873 777 907 ad
799 872 939 907 minora
958 871 1020 906 illa
1043 881 1119 906 non
1133 870 1311 905 recusabo
1334 868 1395 904 Pr.
1409 870 1431 904 5
1454 881 1489 903 v.
1509 869 1646 914 Rege,

107 930 350 986 Redarguo·
395 939 734 986 redarguimus
767 937 909 973 interim
940 943 1084 983 aperte,
1116 943 1157 972 ut
1189 937 1266 972 Cic.
1302 936 1449 971 Vibium
1485 935 1646 978 Curium,

129 1004 134 1007 -
153 989 302 1022 multum
326 987 371 1020 de
393 986 495 1020 annis
519 987 643 1020 aetatis
666 995 751 1019 suae
774 983 1076 1021 mentientem
1099 1003 1146 1010 —-
1167 983 1310 1017 interim
1338 988 1374 1016 et
1397 983 1560 1016 simulata
1587 993 1648 1015 as-

154 1033 323 1068 sensione
349 1033 385 1074 6,
410 1034 444 1074 3,
471 1034 529 1066 73.
564 1032 595 1065 si
618 1031 753 1065 crimen
776 1030 893 1075 ipsum
917 1029 1056 1064 solicite
1078 1029 1319 1075 redarguisset
1347 1031 1404 1070 11,
1426 1031 1460 1070 1,
1486 1029 1520 1063 9.
1544 1027 1648 1061 resu-

154 1078 243 1113 tatio
265 1089 348 1112 cum
367 1077 414 1112 sit
435 1077 476 1112 in
497 1079 686 1124 negando,
709 1077 957 1124 redarguendo
981 1076 1106 1119 (Codd.
1131 1074 1333 1122 arguendo)
1358 1082 1421 1107 etc.
1444 1074 1481 1116 6,
1507 1074 1543 1116 3,
1567 1076 1625 1108 72.

108 1134 321 1200 Βθᾶᾤῒίθο
367 1156 401 1180 r.
434 1155 513 1200 rem
542 1150 750 1205 atrax-nque,
784 1155 890 1188 quam
910 1148 1128 1196 pompant,
1165 1143 1269 1195 velut
1301 1140 1443 1194 subiicit
1469 1139 1649 1201 ⁰⁰¹3fi⁸,.?.t

152 1191 531 1318 ξῗῗζζιὲἵίῗῗέἒέ
554 1192 679 1282 ξὲ.ί.9.’
696 1195 1244 1285 ξ..’ἱ’.ῗίξ’ἒέ.ἰῐωῗ“ἲὲα“ἶ.ἶῖῖἔέ
1250 1185 1346 1268 {²:121
1357 1188 1650 1268 ..Ἑέᾞέιῗῑῑοῖἐ

135 1299 138 1301 ’
154 1297 165 1316 1
190 1309 199 1318 ι
277 1307 287 1317 ο

36 1387 44 1390 ,
110 1327 272 1372 Reddo·
307 1337 345 1382 1)
373 1340 523 1382 proprie:
547 1349 684 1384 passer,
708 1339 834 1382 redde,
862 1338 960 1384 quod
983 1338 1093 1373 debes
1116 1336 1153 1381 6,
1177 1338 1213 1381 3,
1239 1336 1297 1372 93.
1324 1347 1370 1370 an
1393 1336 1559 1370 datum
1587 1333 1649 1379 sit,

155 1397 202 1420 an
227 1385 478 1419 redditum
501 1385 573 1419 sit?
602 1389 638 1428 7,
663 1388 707 1427 2,
734 1386 791 1420 51.
828 1398 862 1420 v.
889 1382 1206 1419 Beneficium.
1234 1389 1275 1416 ut
1296 1401 1343 1409 —
1366 1382 1466 1417 cibus
1489 1392 1564 1415 non
1586 1392 1650 1415 re-

155 1442 243 1467 cens
266 1431 500 1474 redderetur,
532 1431 597 1465 aed
621 1442 734 1475 usque
763 1430 802 1464 in
826 1437 1009 1476 posterum
1044 1430 1139 1464 diem
1161 1429 1378 1463 redundaret
1399 1429 1442 1471 8,
1466 1426 1510 1470 4,
1538 1431 1580 1462 17
1603 1431 1649 1461 Ζ.

112 1499 114 1501 -
156 1476 358 1512 Simonides
391 1476 521 1511 dicitur
550 1487 689 1511 memor
712 1497 759 1502 —
782 1487 937 1522 corpora
964 1476 1038 1511 suis
1070 1475 1268 1510 reddidisse
1305 1477 1369 1518 11,
1401 1477 1444 1516 2,
1481 1475 1537 1508 13.
1568 1474 1650 1517 plus

158 1534 265 1568 quam
287 1523 466 1566 acceperit
487 1523 632 1557 seminis
654 1524 779 1557 reddat
800 1523 942 1567 (solum)
966 1526 1023 1565 12,
1049 1524 1105 1564 10,
1127 1521 1194 1563 25;
1218 1520 1336 1555 reddit
1358 1519 1523 1564 personis
1547 1519 1651 1553 debi-

156 1575 229 1602 tam
259 1568 466 1614 dignitatem
496 1571 560 1611 10,
583 1572 635 1610 ,1,
660 1569 720 1603 62.
753 1569 916 1612 quibusd.
950 1568 1020 1602 nisi
1052 1579 1116 1601 sua
1150 1572 1279 1600 natura
1300 1565 1564 1607 redditur,
1590 1565 1650 1599 vis

159 1612 277 1648 omnis
299 1613 516 1646 aufertur
538 1616 602 1656 11,
626 1615 669 1654 3,
698 1614 775 1647 152.
798 1614 996 1648 tricesimus
1024 1612 1099 1647 dies
1124 1613 1298 1646 reddebat
1324 1611 1423 1646 victo
1445 1610 1649 1644 certaminis

158 1663 370 1704 potestatem
386 1660 419 1700 1,
443 1661 479 1699 2,
503 1657 560 1692 24.
585 1669 666 1692 cum
686 1677 733 1684 ——
752 1659 901 1693 mutatio
926 1658 1030 1693 vocis
1057 1657 1223 1700 alterius,
1246 1657 1285 1691 in
1311 1668 1380 1701 qua
1402 1656 1532 1691 vitium
1557 1662 1648 1699 erat,

157 1709 294 1739 rectam
314 1703 485 1747 loquendi
501 1703 683 1738 rationem
707 1704 754 1737 sit
777 1705 958 1738 redditura
982 1708 1016 1747 1,
1043 1704 1077 1746 5,
1101 1705 1146 1738 35
1164 1707 1206 1737 Ζ.
1231 1702 1276 1736 iis
1299 1700 1540 1736 testimonium
1562 1704 1650 1736 red-

161 1751 247 1784 dere
262 1748 457 1785 industriae
477 1752 535 1792 11,
560 1753 592 1792 1,
617 1751 673 1785 88.
720 1748 772 1791 ΙΙ)
795 1754 911 1784 transl.
940 1749 981 1792 α)
1006 1748 1039 1791 a)
1055 1755 1094 1782 nt
1111 1749 1326 1792 scriptorum
1348 1750 1509 1782 colorem
1527 1747 1648 1790 etiam,

161 1805 256 1839 quae
278 1795 396 1829 subito
420 1795 531 1830 effusa
557 1801 652 1838 sunt,
674 1796 827 1829 reddant
851 1798 905 1838 10,
933 1799 968 1838 7,
991 1799 1026 1829 7.
1054 1796 1175 1841 fulgor
1201 1795 1261 1828 ille
1289 1794 1450 1828 sinistras
1475 1793 1650 1840 imagines

161 1841 288 1874 reddat
313 1843 371 1884 11,
395 1842 431 1884 3,
454 1842 512 1876 68.
537 1841 582 1882 qs.
605 1844 647 1884 2,
671 1844 736 1884 10,
759 1843 796 1875 2.
823 1835 1038 1883 ἀκκισμὸς
1061 1840 1123 1874 ine
1146 1841 1300 1874 reddens
1323 1839 1389 1884 (sic
1415 1842 1542 1882 coda„
1571 1843 1650 1873 Re-

163 1889 266 1929 gius
289 1887 411 1929 conjec-
440 1886 627 1929 redolens)
661 1886 884 1920 Athenarum
906 1888 1090 1931 proprium
1114 1897 1279 1930 saporem
1302 1887 1345 1928 6,
1374 1888 1415 1928 3,
1442 1886 1509 1920 107
1531 1886 1578 1919 N.
1604 1885 1651 1918 ti..

92 1958 99 1965 .
164 1932 245 1966 biae
269 1941 393 1965 sonum
414 1934 568 1967 reddunt
591 1937 653 1976 11,
682 1934 724 1975 3,
746 1935 793 1966 20
815 1945 848 1966 υ.
879 1933 1040 1966 Sonus.
1074 1932 1278 1979 graviorem
1310 1931 1471 1976 spiritum
1494 1931 1650 1965 reddunt

166 1975 310 2018 (Ubiae)
334 1978 375 2019 1,
399 1980 465 2021 11,
487 1979 521 2013 7.
570 1978 611 2019 b)
634 1978 804 2021 judicium
826 1978 1006 2020 redditur,
1030 1989 1075 2012 an
1099 1990 1183 2012 reus
1207 1989 1313 2012 causa
1336 1977 1382 2010 sit
1404 1976 1529 2010 mortis
1550 1980 1587 2019 7,
1610 1975 1648 2019 4,

101 2034 107 2054 ·.
165 2023 224 2058 43.
253 2020 378 2056 eidem
398 2022 538 2067 (lingua)
567 2025 621 2067 jus
645 2024 712 2058 sibi
738 2023 966 2058 redditum
988 2025 1152 2058 ferret
1179 2027 1241 2065 11,
1268 2027 1316 2065 2,
1340 2025 1395 2057 50.
1423 2021 1467 2063 cs.
1502 2025 1564 2062 12,
1589 2025 1647 2064 11,

165 2068 250 2103 42.
273 2078 333 2101 res
356 2073 513 2103 vetustas
534 2071 740 2104 reddere
775 2080 823 2104 se
857 2075 892 2104 et
916 2071 1107 2104 offerre
1131 2073 1197 2111 11,
1216 2072 1260 2110 2,
1285 2070 1319 2103 5.
1363 2068 1413 2111 ῥ’)
1440 2071 1474 2101 in
1498 2069 1648 2101 dicendo.

166 2114 205 2158 a)
233 2114 276 2147 ad
299 2113 450 2147 verbum
469 2117 618 2160 repetita
640 2117 834 2151 reddantur
861 2118 917 2158 11,
940 2118 976 2158 2,
1000 2117 1058 2151 39.
1094 2115 1293 2150 reddidisse
1315 2114 1354 2148 in
1378 2115 1560 2157 loquendo
1584 2125 1649 2158 pa-

165 2166 303 2194 ternam
326 2159 534 2205 elegantiam
558 2166 598 2205 1,
622 2164 666 2205 1,
690 2164 724 2196 6.
755 2167 875 2206 partes
908 2161 1080 2195 orationis
1107 2161 1212 2195 reddi
1236 2159 1306 2194 sibi
1332 2160 1451 2193 soluto
1474 2170 1584 2194 versu
1614 2163 1650 2203 1,

165 2207 208 2248 8,
234 2207 290 2238 13.
325 2205 436 2238 semel
455 2206 602 2242 auditos
625 2218 753 2242 versus
776 2206 938 2251 protinus
960 2206 1157 2241 reddidisse
1182 2209 1248 2249 11,
1278 2208 1323 2248 2,
1353 2206 1410 2239 51.
1446 2204 1477 2239 si
1503 2205 1650 2239 nomina

167 2252 277 2285 multa
301 2261 366 2293 per
389 2249 550 2286 ordinem
573 2253 691 2287 audita
713 2254 894 2287 reddenda
918 2258 1000 2286 sunt
1025 2255 1080 2295 11,
1106 2255 1146 2294 2,
1169 2253 1237 2293 233
1263 2251 1325 2284 illa
1344 2250 1434 2284 mira
1455 2252 1648 2296 figurarum

165 2296 342 2337 mixtura,
364 2294 404 2328 in
425 2307 495 2340 qua
516 2303 552 2332 et
571 2298 688 2342 primo
716 2300 830 2335 verbo
852 2299 964 2344 longo
989 2303 1073 2342 post
1097 2297 1290 2332 intervallo
1313 2297 1551 2330 redditum
1577 2303 1650 2331 est

166 2341 351 2383 ultimum,
385 2345 422 2374 et
442 2341 558 2389 media
582 2343 727 2388 primis,
761 2351 796 2379 et
820 2345 948 2378 mediis
978 2343 1104 2377 ultima
1136 2348 1407 2389 congruunt
1436 2343 1480 2383 9,
1513 2345 1556 2385 3,
1587 2342 1648 2376 40.

166 2387 216 2427 b)
246 2392 286 2419 ut
306 2397 421 2430 pauca
446 2387 597 2431 primum
628 2391 883 2435 complectatur
917 2389 1058 2431 animo,
1091 2399 1183 2433 quae
1206 2388 1308 2422 reddi
1333 2388 1487 2421 fideliter
1507 2387 1648 2432 possint

166 2433 236 2474 10,
262 2431 304 2474 6,
331 2432 366 2466 3.
388 2431 427 2465 in
450 2442 495 2466 eo
515 2433 629 2478 libro,
653 2446 725 2480 quo
746 2447 869 2470 causas
894 2440 1082 2478 corruptae
1106 2435 1332 2478 eloquentiae
1353 2434 1588 2467 reddebamus
1610 2435 1647 2477 8,

166 2477 204 2520 6,
229 2477 286 2511 76-
314 2475 360 2517 ‘'ts-
386 2480 421 2520 1,
442 2479 499 2520 10,
514 2477 573 2513 47.
598 2479 765 2525 [quorum
787 2483 952 2526 exempla
974 2481 1038 2514 illo
1061 2481 1142 2514 loco
1166 2481 1312 2513 reddam
1334 2479 1395 2520 (Ζ.
1412 2478 1648 2523 quaerenda),

167 2532 240 2566 quo
262 2521 413 2556 virtutes
438 2529 543 2557 erunt
565 2526 611 2568 8,
632 2528 678 2569 3,
703 2526 779 2571 51.]
805 2538 917 2571 quae,
951 2525 1118 2570 quoniam
1141 2530 1196 2560 est
1220 2526 1355 2572 figura,
1388 2526 1558 2559 reddetur
1581 2536 1649 2559 suo

165 2569 250 2602 loco
278 2569 314 2610 8,
338 2570 372 2611 3,
396 2568 455 2602 85.
495 2569 589 2604 Mihi
609 2571 703 2606 hanc
723 2573 872 2618 figuram
895 2583 974 2607 esse
1001 2570 1113 2617 magis
1134 2572 1264 2615 placet.
1304 2570 1382 2604 Illic
1405 2581 1492 2617 ergo
1517 2571 1650 2605 redde-

164 2619 226 2647 tur
248 2615 289 2656 8,
312 2614 356 2656 6,
379 2616 436 2648 22.
474 2626 566 2658 quae
598 2627 656 2651 me
681 2618 901 2652 redditurum
929 2618 1163 2662 promiseram
1183 2619 1247 2660 12,
1272 2616 1315 2660 5,
1339 2619 1373 2650 1.
1401 2614 1649 2660 βραχυλογίαν

164 2665 318 2703 vocant,
342 2669 435 2703 quae
459 2661 628 2695 reddetur
650 2661 745 2697 inter
766 2666 946 2698 schemata
971 2664 1006 2706 8,
1031 2665 1066 2705 3,
1089 2663 1147 2697 82.
1182 2661 1229 2703 cf.
1254 2665 1319 2706 10,
1343 2665 1384 2705 1,
1407 2662 1466 2697 75.
1499 2663 1649 2695 reddam

165 2713 284 2748 nunc,
316 2716 420 2757 quam
443 2706 646 2750 proximam
666 2715 802 2752 partem
826 2710 988 2744 dixeram
1011 2718 1091 2742 esse
1115 2709 1162 2742 de
1186 2707 1299 2752 tropis
1320 2708 1367 2751 8,
1394 2709 1437 2746 5.
1459 2707 1515 2742 35.
1539 2706 1584 2747 cs.
1611 2707 1648 2749 9,

163 2751 293 2830 &nil-1
297 2752 391 2840 ¹‹1u12d
412 2751 542 2831 ἕψω
563 2753 808 2790 vendidissent
832 2755 982 2791 testibus
1012 2753 1293 2801 argentariorum
1317 2753 1450 2790 tabulis
1478 2752 1649 2788 reddide-

319 2821 332 2841 ¹
459 2819 472 2832 0
