1728 3002
147 167 231 208 390
574 218 583 224 ,
651 161 900 219 Hypsi-bole
934 184 983 195 -—
1014 162 1175 207 Iccirco

195 290 272 315 non
294 280 436 322 cludet,
459 279 683 324 hyperbaton
693 279 731 322 9,
745 277 851 322 4‚26.
876 279 935 313 cni
961 277 1228 325 (παρενθέσει)
1246 278 1423 324 adjiciunt
1443 281 1682 327 hyperbaton,

197 327 294 372 quod
320 326 415 360 inter
441 331 564 369 tropos
592 336 671 359 esse
694 327 889 359 noluerunt
913 323 1086 369 (Graeci)
1117 327 1164 370 9,
1189 328 1320 370 3‚·23;
1363 324 1452 371 [nec
1474 328 1684 370 traiectione

197 378 269 408 tam
285 373 405 406 tardus
420 371 488 415 (sit
504 371 648 416 sermo),
674 377 714 405 ut
735 372 774 405 in
796 372 1021 416 hyperbaton
1044 372 1124 406 finis
1147 372 1224 416 ejus
1248 372 1429 408 differatur
1450 373 1510 418 (Ζ.
1536 377 1684 418 proxime

198 432 222 453 a
248 420 349 454 Codd.
378 418 494 461 consto.
523 429 592 452 nec
615 423 658 450 tr.
686 418 779 451 ultra
801 419 946 452 modum
969 418 1155 462 hyperbati
1175 419 1202 454 f.
1219 417 1297 462 etc.)
1323 421 1358 463 8,
1376 421 1418 463 2,
1432 417 1517 465 ‘14.]
1567 420 1684 467 longis

200 470 320 499 autem
348 464 555 508 hyperbatis
584 469 620 498 et
643 463 825 507 confusis,
863 475 954 508 quae
977 464 1067 499 vitia
1091 464 1280 509 accidunt‘,
1317 475 1383 499 suo
1413 467 1497 500 loco
1531 466 1686 501 diximus

199 511 276 556 (sic
303 514 344 544 Z.
384 524 431 544 ex
457 513 532 544 Am
545 513 575 544 b.
603 513 641 552 13
681 512 749 554 Sp.
779 514 883 543 mulia
907 512 1043 544 turbans
1067 514 1188 553 pariim
1211 513 1294 545 haec
1319 513 1442 546 edidit.-
1480 512 1581 553 millti
1603 523 1689 546 nar-

198 557 377 592 rationem
402 556 519 603 longis
545 562 681 590 mutant
703 556 928 601 hyperbatis)
947 558 981 599 8,
997 557 1032 599 6,
1046 557 1092 592 67
1118 559 1155 591 8.
1179 568 1296 603 neque
1320 557 1555 606 longioribus,
1582 564 1689 603 quam

200 608 364 647 oportet,
398 603 606 648 hyperbatis
632 602 882 647 compositioni
906 602 1104 638 serviamus
1127 605 1164 648 9,
1184 604 1220 648 4,
1246 603 1323 639 144.

154 646 416 704 Hyperlmle·
463 661 689 705 hyperbolen
723 659 924 694 audacioris
954 666 1099 695 ornatus
1125 671 1263 696 summo
1287 663 1370 697 loco
1397 661 1503 707 posui
1524 662 1560 705 8,
1572 661 1612 704 ’6,
1631 661 1691 696 67.

202 705 319 741 omnis
335 707 535 750 hyperbole
553 708 646 740 ultra
664 708 783 750 fidem,
811 717 885 741 non
907 712 1028 741 tamen
1050 709 1142 743 ultra
1166 709 1311 742 modurn
1338 720 1416 742 esse
1441 708 1547 742 debet
1573 709 1618 743 ib.
1632 708 1690 742 73.

201 752 345 786 mentiri
372 753 618 798 hyperbolen,
646 764 720 787 non
745 758 864 787 tamen
888 759 928 786 ut
952 753 1137 794 mendacio
1161 754 1287 789 fallere
1310 754 1400 790 velit
1422 753 1534 789 ib.74.
1564 752 1695 788 crescit

200 798 380 834 interdum
412 800 519 843 hyp.,
559 799 626 832 alia
654 799 802 843 insuper
828 799 947 833 addita
977 802 1020 833 ib.
1043 802 1099 834 70.
1127 799 1225 842 *Scio
1249 811 1356 845 posse
1382 799 1501 836 videri
1527 799 1692 852 quibusd.

203 845 361 901 speciem
391 844 672 890 amplificationis
695 845 920 890 hyperbolen
944 856 1086 890 quoque
1109 847 1154 891 8,
1176 846 1220 890 4,
1243 847 1300 883 29.

155 887 432 946 HYPOCI'IOES·
466 902 675 939 Aeschinen
689 930 700 946 ‚
732 902 967 947 hypocriten,
998 908 1179 938 oratorem
1200 903 1313 938 fuisse
1336 906 1372 947 2,
1396 905 1452 947 17,
1471 905 1528 937 12.
1555 903 1694 948 Demo-

202 949 348 984 sthenes
372 948 560 996 diligenter
583 961 639 994 ap.
666 949 926 992 Andronicum,
951 950 1179 995 hypocriten,
1202 945 1336 985 studuit
1361 951 1418 994 11,
1441 951 1476 993 3,
1499 953 1534 985 7.

909 1100 947 1148 Ι.

158 1207 194 1251 Ῑ·
223 1222 408 1268 angustior
429 1223 534 1258 litera
559 1229 613 1258 est
635 1224 672 1267 9,
696 1223 732 1267 4,
756 1226 812 1258 33.
854 1230 909 1259 est
931 1223 1069 1259 medius
1097 1223 1241 1269 qnidam
1266 1225 1299 1258 U
1323 1229 1359 1258 et
1386 1222 1550 1265 [literae
1572 1230 1695 1265 sonus,

205 1273 242 1302 et
263 1268 302 1302 in
324 1269 447 1303 Here
469 1280 586 1313 neque
612 1270 640 1302 E
664 1271 770 1313 plane
795 1281 911 1314 neque
933 1272 948 1303 I
968 1271 1109 1304 auditur
1136 1274 1168 1313 1,
1184 1269 1220 1313 4,
1241 1271 1275 1305 8.
1303 1282 1336 1304 v.
1354 1269 1395 1303 E.
1444 1269 1558 1302 Etiam
1581 1267 1699 1312 opti-

202 1325 322 1357 mus,
358 1315 604 1357 maximus,
638 1321 677 1348 ut
700 1315 853 1348 mediam
878 1317 894 1348 I
921 1316 1082 1358 literam,
1117 1326 1207 1359 quae
1230 1314 1414 1350 veteribus
1438 1315 1470 1348 U
1493 1315 1612 1348 fuerat
1636 1325 1699 1347 ac-

206 1359 389 1404 ciperent,
427 1360 467 1395 C.
491 1360 645 1405 primum
678 1360 841 1395 Caesaris
876 1360 1109 1404 inscriptione
1145 1360 1298 1394 traditur
1332 1361 1466 1394 factum
1500 1363 1542 1403 1,
1571 1363 1615 1402 7,
1639 1362 1700 1396 21.
1726 1380 1728 1382 ·

205 1406 222 1439 1
244 1412 317 1440 tam
340 1407 469 1453 longae
494 1418 600 1451 (suam
623 1407 745 1440 brevis
770 1412 929 1439 naturam
956 1407 1063 1440 habet
1090 1409 1132 1440 ib.
1161 1407 1204 1441 16
1229 1407 1276 1440 N.
1305 1404 1409 1440 litera
1431 1407 1448 1439 1
1472 1405 1540 1439 sibi
1574 1405 1698 1442 insidit

205 1454 251 1495 1,
277 1452 323 1495 4,
349 1455 389 1486 11
420 1454 489 1494 N.3
540 1452 632 1486 sicut
662 1452 700 1485 in
727 1451 873 1486 Graecis
901 1451 1031 1489 accidit
1056 1451 1257 1494 adiectione
1277 1451 1291 1485 i
1315 1451 1460 1495 literae,
1494 1463 1599 1496 quam
1622 1462 1707 1494 non—

205 1499 323 1532 solum
351 1498 480 1533 dativis
504 1498 644 1532 casibus
675 1498 715 1532 in
740 1504 841 1542 parte
865 1498 989 1532 ultima
1017 1498 1216 1542 ascribunt,
1261 1498 1326 1532 sed
1353 1498 1564 1543 quibusdam
1593 1497 1701 1532 etiam

206 1543 461 1588 interponunt,
485 1550 524 1578 ut
547 1544 585 1578 in
607 1544 849 1578 ΛΗΙΣΤΗΙ
871 1546 905 1587 1,
932 1547 968 1586 7,
997 1547 1054 1579 17.
1301 1549 1308 1553 ”

161 1598 349 1643 Iambus·
382 1612 417 1655 1)
444 1626 501 1656 pes
518 1615 692 1646 metricus:
723 1617 777 1646 est
801 1623 850 1646 ex
874 1611 979 1647 brevi
1003 1617 1039 1646 et
1057 1612 1166 1658 longa
1187 1611 1223 1654 9,
1244 1611 1280 1653 4,
1303 1609 1362 1647 48.
1385 1612 1442 1647 80.
1482 1607 1632 1655 ὅυθμός
1655 1627 1698 1634 --

207 1659 358 1702 duplex,
383 1665 422 1692 ut
447 1659 583 1693 iambus
613 1658 711 1701 (nam
735 1663 789 1692 est
814 1669 861 1692 ex
887 1657 992 1692 brevi
1018 1663 1053 1691 et
1071 1657 1192 1704 longa)
1215 1655 1398 1703 '‘⁶⁸47n-
1417 1655 1701 1702 frequentiorem

209 1705 312 1748 quasi
348 1706 490 1748 pulsum
525 1705 658 1738 habent
696 1721 743 1727 --
777 1710 814 1738 et
837 1716 858 1738 a
884 1704 1054 1738 brevibus
1079 1703 1116 1737 in
1139 1705 1267 1750 longas
1294 1702 1454 1736 nituntur
1469 1703 1515 1740 ,et
1537 1706 1704 1736 crescunt

208 1753 252 1784 ib.
278 1751 354 1786 136.
385 1757 595 1795 anapaestus
620 1756 655 1784 et
680 1749 854 1794 creticus,
881 1750 1020 1785 iambus
1044 1759 1200 1794 quoque,
1228 1749 1289 1794 qui
1316 1754 1369 1783 est
1390 1748 1610 1792 inutroque,
1639 1748 1703 1793 sed

208 1796 280 1831 illis
303 1797 423 1831 minor
449 1800 491 1831 ib.
517 1798 576 1832 99.
605 1808 732 1841 aspera
756 1802 792 1831 et
814 1796 987 1831 maledica
1013 1796 1119 1830 etiam
1144 1794 1514 1830 in'carmine-iambis
1531 1802 1703 1840 *grassan-

209 1848 269 1877 tur
291 1846 335 1877 ib.
363 1843 442 1877 141.
479 1842 523 1884 cjl
551 1843 630 1878 136.
660 1843 864 1877 affectamus
887 1848 1077 1885 tumorem,
1102 1841 1164 1886 qui
1188 1841 1356 1885 spondeis
1379 1846 1451 1885 atq.
1474 1839 1724 1889 iambis-inas,

209 1889 308 1924 xime
334 1889 537 1924 continetur
561 1891 605 1922 ib.
633 1887 700 1923 140
723 1890 772 1923 Ν.
800 1889 938 1923 iambus
963 1887 1147 1923 Aristoteli
1175 1886 1363 1922 humanior
1387 1886 1553 1922 videatur
1575 1886 1618 1920 ilo.
1643 1886 1702 1922 88.

210 1947 258 1970 ne
278 1935 388 1970 faciat
409 1935 564 1969 iambum
590 1935 857 1978 (volucres),
883 1946 990 1979 quem
1008 1945 1083 1969 non
1106 1933 1234 1977 recipit
1248 1943 1376 1969 versus
1399 1934 1532 1966 herous
1553 1935 1586 1975 1,
1601 1930 1722 1974 5‚28.·

208 1981 258 2024 11)
283 1983 498 2024 versificandi
519 1994 643 2024 genus.-
671 1981 862 2025 scriptores
885 1981 1086 2015 iamborum
1112 1982 1169 2023 10,
1187 1980 1265 2022 1,9.
1275 1978 1330 2015 59.
1353 1977 1491 2012 iambus
1517 1988 1591 2012 non
1615 1987 1704 2011 sane

209 2039 244 2107 ab
258 2027 428 2110 Rggianis
455 2027 657 2063 celebratus
688 2033 743 2061 est
776 2033 816 2061 ut
849 2027 1033 2072 proprium
1066 2037 1183 2071 opus;
1230 2024 1438 2070 quibusdam
1471 2022 1705 2068 interpositus

211 2087 222 2106 1
246 2097 257 2109 .
334 2099 344 2108 .

166 2117 250 2160 Ibi·
285 2130 326 2175 α)
350 2133 390 2164 in
416 2132 496 2164 hac
519 2143 564 2164 re
578 2145 588 2164 .·
616 2131 656 2164 Id
678 2135 842 2165 mutuum
865 2135 931 2173 est,
960 2134 997 2164 et
1019 2129 1071 2164 ibi
1094 2124 1362 2163 declamationis
1383 2126 1635 2178 fortuna-252,
1651 2119 1728 2175 12.Ῑ

212 2188 287 2211 non
311 2183 450 2222 poterat
473 2176 524 2211 ibi
552 2187 631 2210 esse
657 2176 817 2220 quaestio
851 2180 896 2218 7,
928 2178 946 2210 1
961 2201 972 2219 ,
1002 2175 1035 2211 5.
1080 2174 1152 2209 ibi
1187 2172 1339 2207 alienam
1364 2173 1506 2216 culpam
1528 2176 1707 2218 incusare,

210 2223 293 2258 ubi
319 2224 443 2258 fateris
467 2229 564 2257 tuam
593 2225 648 2265 11,
675 2225 709 2264 1,
733 2224 788 2257 81.
824 2234 858 2256 v.
879 2221 979 2256 Ubi.
1021 2219 1069 2266 β)
1094 2223 1118 2255 ἰ.
1135 2233 1167 2265 q.
1193 2232 1243 2253 ex
1269 2226 1482 2261 tempore.-
1510 2217 1575 2252 ibi
1598 2223 1705 2262 atque

215 2279 236 2302 e
266 2280 316 2303 re
342 2275 464 2303 natum
485 2268 521 2312 4,
549 2272 592 2312 1,
619 2267 674 2303 54.
703 2268 766 2302 illa
787 2278 860 2302 non
885 2269 1020 2302 domo
1045 2266 1215 2308 attulisse,
1241 2265 1303 2299 sed
1329 2264 1398 2299 ibi
1422 2262 1586 2309 protinus
1609 2273 1707 2316 sum3

215 2314 304 2349 sisse
338 2318 402 2358 11,
431 2318 473 2357 2,
505 2314 564 2350 46.
610 2325 721 2348 unum
754 2320 966 2357 paratum
999 2313 1126 2347 afferre
1151 2321 1354 2355 possumus,
1384 2327 1430 2337 —··
1458 2311 1609 2348 alterum
1639 2308 1707 2350 ib1

215 2371 356 2395 sumere
381 2364 437 2404 12,
461 2362 497 2404 9,
513 2362 570 2396 19.
616 2358 651 2405 y)
678 2361 723 2394 Et
745 2360 796 2394 ibi
821 2360 860 2401 (ι’.
879 2373 911 2406 q.
937 2356 1111 2400 ibidem)
1137 2359 1172 2400 5,
1198 2359 1253 2400 10,
1277 2357 1335 2392 93.

169 2413 348 2457 Ibidem·
393 2428 526 2462 ibidem
550 2427 668 2462 statim
692 2428 742 2472 (in
768 2428 917 2469 citando)
941 2428 984 2469 9,
1009 2427 1052 2469 3,
1078 2423 1143 2468 45;
1185 2426 1206 2458 ἰ.
1227 2438 1257 2471 q.
1285 2437 1335 2458 ex
1366 2432 1592 2468 tempor-e:
1625 2430 1728 2457 cum‘

214 2472 300 2506 ibid.
335 2474 501 2509 invenire
534 2474 701 2520 fingimus
736 2475 781 2518 9,
813 2477 860 2518 2,
891 2474 938 2509 60
969 2472 1018 2509 N.
1050 2484 1097 2505 cr.
1147 2481 1214 2518 ego
1242 2470 1328 2505 ibid.
1353 2472 1418 2505 has
1441 2469 1535 2504 inter
1557 2479 1728 2511 coenam<

217 2520 367 2554 exaravi
404 2523 493 2554 Cio.
522 2521 558 2563 9,
583 2522 618 2563 3,
645 2521 703 2555 58.
1724 2538 1728 2557 ¹

171 2561 346 2604 10051‘00·
387 2575 438 2619 (a.
462 2582 483 2611 l.
509 2576 664 2621 idcirco)
691 2576 724 2619 5,
741 2576 816 2620 956
839 2575 886 2609 N.
900 2575 961 2608 cr.‘
994 2572 1035 2618 α)
1062 2575 1211 2607 anteced.
1242 2575 1299 2607 si.-
1342 2573 1438 2606 Nec
1474 2563 1728 2625 sibpugnent⁴1

217 2620 311 2654 inter
337 2632 389 2664 se,
412 2622 673 2657 —iccirco
696 2633 753 2656 ars
780 2632 855 2656 non
880 2620 947 2655 erit
971 2622 1015 2662 2,
1041 2621 1097 2662 1⁷,
1126 2621 1184 2654 33.
1239 2620 1337 2653 Non
1361 2617 1480 2660 enim,
1513 2627 1553 2650 si
1577 2615 1719 2663 Cicero¹

217 2671 317 2700 recte
340 2667 514 2701 sentinam
538 2669 626 2712 reip.
652 2668 745 2702 dixit
767 2686 814 2693 —
838 2666 922 2701 icc.
950 2666 1099 2711 probem
1122 2665 1212 2699 illud
1236 2675 1378 2710 quoque
1395 2662 1530 2698 veteris
1553 2661 1719 2696 oratoris*

219 2713 254 2754 8,
278 2712 321 2755 6,
347 2713 402 2747 15.
440 2712 485 2753 cs.
512 2716 555 2756 5,
585 2714 648 2756 14,
675 2713 708 2747 4.
754 2712 799 2759 β)
822 2726 890 2759 seq.
915 2712 1030 2758 ‹1qu
1049 2717 1108 2744 aut
1133 2714 1255 2756 quia.-
1288 2719 1442 2756 neque
1471 2707 1578 2752 enim,
1602 2707 1708 2754 quit

217 2763 406 2800 movetur,
443 2758 502 2801 qui
526 2758 744 2805 ingreditur,
779 2759 865 2793 icc.
898 2757 958 2803 qui
982 2762 1150 2794 movetur
1174 2755 1440 2804 ingreditur-5,
1471 2755 1515 2798 9,
1545 2755 1591 2797 ὃς
1636 2755 1728 2803 hoq:
